3508 5404
546 507 586 564 De
609 505 640 564 Is.
662 507 761 566 Annei
782 507 892 564 Seueom
913 503 1084 578 tragoedis.
1416 514 1456 570 ot

199 679 284 743 bellu
307 679 515 742 demonstrat:
539 679 580 742 ud
602 677 740 761 quictem
761 679 921 754 hortatur,
943 697 1011 761 qum
1033 675 1148 740 victori
1170 687 1272 760 grate,
1294 683 1378 748 victo
1403 702 1459 748 ne-

461 780 502 842 ed
525 789 699 844 extremum
720 780 808 862 pacis
831 789 864 844 et
885 778 1033 843 amicitie
1055 778 1166 862 pignus
1188 779 1332 848 dextram
1355 785 1458 869 porri-

197 779 339 844 cesreriu
370 778 429 853 sit3

197 882 254 962 git.
298 881 346 946 Ar
367 879 437 946 ille:

441 979 536 1052 Egone
558 984 591 1036 ut
612 982 739 1053 parentis
760 981 897 1053 sunguine
919 981 1080 1051 adspersam
1101 999 1217 1039 menum

440 1065 625 1138 Frenumque
648 1069 761 1142 gemine
783 1069 856 1124 coede
878 1069 1060 1140 contingam?
1104 1067 1184 1124 Prius

440 1153 606 1228 Exstinguet
628 1159 703 1212 ortus
725 1155 826 1212 referet
848 1173 961 1212 occasus
982 1155 1064 1220 diem,

439 1239 499 1297 Pax
521 1245 587 1298 ente
609 1242 666 1298 fida
687 1242 798 1299 nivibus
820 1245 849 1298 et
870 1241 989 1298 flammis
1011 1241 1074 1298 erit.

990 1347 1018 1386 v.
1043 1327 1179 1385 376—9.

439 1481 538 1538 Putria
559 1482 701 1540 obstulisti
722 1499 811 1555 regne
832 1500 979 1556 germanos
1000 1483 1088 1538 larem

439 1570 562 1624 Putrem.
607 1569 678 1637 de
699 1570 777 1626 ultre
798 1572 860 1628 osor
904 1571 967 1626 Une
988 1587 1032 1626 res
1052 1573 1177 1641 superest
1199 1571 1270 1626 mihi

439 1657 538 1713 Fratre
560 1674 594 1712 ac
616 1658 733 1728 parente
755 1659 847 1714 carior
868 1674 954 1730 regno
977 1675 1010 1712 ec
1032 1657 1102 1723 lure,

439 1743 539 1800 Odium
560 1745 604 1800 tui
626 1743 700 1814 quod
722 1760 779 1799 esse
802 1763 867 1800 cnm
891 1745 997 1817 populo
1020 1745 1090 1800 mihi

439 1830 590 1886 Commune
612 1831 701 1888 doleo·
746 1831 815 1887 Pers
836 1835 924 1904 quote
946 1849 981 1888 ex
1002 1831 1052 1887 illo
1075 1847 1138 1886 mee
1159 1831 1221 1887 eser

992 1937 1019 1975 v.
1045 1918 1183 1974 383-7.

194 2075 317 2138 Contra
349 2073 402 2136 ills
425 2074 571 2157 mitigare
593 2073 745 2137 invidiam
769 2093 856 2138 suam
880 2081 1029 2138 conetur:
1056 2093 1148 2156 quem
1173 2074 1263 2150 bene,
1290 2072 1323 2136 hi
1348 2095 1455 2138 versus

195 2176 375 2239 declarent:

793 2275 913 2333 &uento
936 2275 1036 2332 cecidit
1057 2275 1087 2330 in
1108 2275 1184 2331 bello
1206 2279 1297 2347 peter,

440 2361 566 2418 Cecidere
588 2361 697 2420 iratres.
742 2364 829 2420 Arme
850 2381 907 2419 non
929 2366 1041 2419 servent
1064 2364 1186 2430 modum,

438 2447 499 2504 Nec
519 2451 672 2520 temperari
694 2449 776 2506 facile
796 2467 848 2506 nec
870 2450 985 2522 reprimi
1006 2453 1100 2520 potest

438 2535 537 2592 Stricti
559 2537 630 2592 ensis
651 2537 703 2593 ira.
748 2538 828 2594 Belle
849 2538 972 2594 delectat
995 2553 1084 2593 cruor.
1111 2568 1145 2578 -

439 2622 492 2678 Sed
514 2623 563 2679 ille
585 2640 672 2697 regno
694 2643 745 2696 pro
768 2642 826 2692 suo,
849 2642 899 2681 nos
921 2624 1049 2695 improba

439 2708 575 2780 Cupidine
597 2712 665 2769 ucti.
691 2743 725 2754 -—
753 2712 891 2781 Quaeritur
912 2712 980 2770 belli
1002 2710 1102 2778 exitus,

439 2797 504 2854 Non
526 2814 619 2856 oense.

998 2904 1026 2942 v.
1051 2883 1210 2942 loo-12.

192 3025 273 3088 Haec
294 3041 370 3086 vero
393 3021 474 3086 sotis
496 3022 659 3086 commode
681 3022 781 3086 dicte:

793 3155 846 3212 Sed
868 3175 942 3213 nunc
964 3160 1062 3228 pereat
1088 3158 1178 3212 omnis
1199 3158 1343 3214 memorie.

439 3241 508 3298 (ium
531 3244 621 3300 victor
643 3259 722 3299 erma
744 3243 847 3313 posuit,
871 3247 900 3301 et
922 3245 1028 3301 victum
1050 3245 1145 3300 decet·

437 3331 582 3400 Deponere
604 3329 677 3386 odie.
723 3331 788 3386 Non
808 3335 841 3388 ut
863 3333 964 3388 inflexo
986 3349 1061 3404 genu

440 3419 617 3489 Regnentem
638 3417 736 3474 odores
757 3420 887 3489 petimus.
926 3420 988 3475 Hoc
1008 3419 1101 3490 ipsum
1122 3414 1217 3486 placet

438 3505 539 3560 Animo
561 3505 656 3560 ruinas
679 3505 753 3576 quod
774 3505 852 3576 cepis
873 3523 991 3578 magnes
1012 3508 1071 3562 tuo.

438 3591 474 3646 Ils
496 3607 561 3663 rege
584 3592 705 3664 conjunx
726 3592 826 3665 digne:
850 3593 984 3649 sociemus
1005 3595 1091 3648 toros.

989 3698 1016 3736 v.
1041 3677 1200 3734 412-17.

198 3777 251 3842 Ad
275 3799 343 3864 quae
366 3781 514 3862 Megeru:

437 3913 551 3972 Gelidus
573 3934 622 3988 per
644 3920 723 3974 entus
744 3917 824 3976 vedit
846 3918 981 3990 exanguis
1002 3919 1117 3974 tremor.

438 4002 517 4070 Quod
539 4003 646 4060 facinus
669 4021 748 4060 aures
770 4005 902 4076 pepulit?
946 4005 1024 4060 Huut
1046 4003 1174 4074 equidem
1195 4000 1301 4067 horrui,

438 4087 508 4144 Cum
529 4108 598 4162 pece
621 4095 707 4162 rupte
728 4091 845 4146 bellicus
866 4109 959 4147 muros
981 4091 1076 4163 fragor

438 4175 669 4235 Circumsonaret.
713 4178 821 4234 Pertnli
842 4178 981 4249 intrepide
1005 4177 1108 4234 omnic.

437 4263 588 4320 Thalamos
609 4269 754 4322 tremesco.
799 4265 890 4336 Copto
910 4282 985 4320 nnnc
1007 4265 1102 4320 videor
1123 4261 1203 4318 mihi.

439 4349 565 4408 Gruvent
588 4355 694 4408 cetenae
715 4369 815 4423 corpus
837 4356 866 4409 et
886 4353 973 4424 longe
995 4352 1069 4407 ieme

438 4437 513 4494 Mors
535 4440 718 4509 protrahetur
739 4441 828 4496 lente.
873 4439 939 4496 Nou
960 4439 1055 4496 vincet
1076 4438 1158 4494 fidem

438 4523 488 4580 Vis
509 4525 569 4582 ulle
590 4529 726 4584 nostrum.
770 4527 875 4584 Moriar
895 4527 994 4584 Alcide
1014 4529 1075 4582 tua.

988 4632 1016 4670 v.
1041 4609 1200 4669 418-25.

1300 4727 1321 4790 9
