3508 5404
534 512 574 572 De
596 513 628 573 b.
650 513 750 574 Annei
771 513 881 572 Seneca
900 511 1071 588 tragoediis.

426 685 521 746 Perire
542 686 646 753 brinta
666 703 773 758 pm·
817 685 869 742 Ast
890 683 936 742 illi
956 683 1030 742 lorus

330 813 333 820 Δ
425 775 460 830 ln
480 775 594 832 vulnere
616 791 710 832 ensem
731 772 877 830 abscondit
899 775 927 829 et
949 773 1062 844 penitus
1083 791 1210 845 premens

423 861 527 933 Jugulo
549 879 664 916 manum
685 860 833 918 commisit.
877 859 984 916 Eduoto
1006 861 1086 917 stetit

424 949 507 1005 Ferro
530 949 650 1004 cadaver
672 963 790 1018 eumque
813 946 966 1002 dubitasset
988 945 1037 1001 diu

425 1036 486 1091 Heo
507 1039 590 1105 parte
612 1053 649 1090 an
671 1035 724 1090 illa
746 1033 873 1098 caderet,
896 1033 927 1087 in
948 1036 1082 1103 patruum
1103 1033 1189 1088 eadit.

868 1157 870 1162 ,
976 1138 1004 1176 v.
1029 1119 1187 1177 tle-ae.

181 1243 265 1306 Inter
285 1243 365 1307 hano
386 1250 512 1306 mortem
534 1249 565 1304 et
585 1224 787 1324 Astyanactis
809 1260 892 1316 eam,
915 1260 981 1322 quae
1001 1240 1033 1304 in
1048 1242 1198 1306 Troadum
1216 1243 1319 1308 fabula
1334 1265 1442 1310 narra·

182 1352 242 1419 tur,
264 1353 381 1425 quanta
402 1344 443 1406 sit
463 1343 604 1406 vicinitas
628 1351 717 1423 atque
739 1341 920 1416 similitudo,
949 1343 1100 1422 praeterire
1130 1345 1259 1407 arbitror
1282 1346 1441 1412 neminem.

265 1445 377 1509 Exitus
399 1464 470 1507 vero
492 1444 655 1524 tragoediae
677 1460 737 1506 non
759 1443 831 1505 item
854 1443 986 1524 vulgaris
1002 1452 1094 1526 atque
1110 1445 1291 1522 communis,
1313 1448 1365 1510 sed
1379 1450 1441 1531 qui,

180 1546 207 1610 si
230 1546 314 1609 nulla
336 1546 395 1610 elia
418 1566 468 1620 re,
499 1543 643 1608 miraculo
672 1553 753 1606 uerte
776 1563 812 1606 ao
834 1545 969 1607 novitate
992 1545 1089 1625 possit
1110 1565 1237 1610 movere.
1282 1549 1340 1612 llio
1361 1549 1441 1612 enim

180 1647 240 1710 illas
261 1647 356 1728 epulae
378 1647 452 1728 ipsse
475 1655 545 1708 ante
568 1645 669 1708 oeulos
692 1643 780 1708 nobis
801 1653 965 1726 ponuntur,
985 1665 1075 1727 quum
1090 1645 1179 1710 Atrei
1191 1647 1288 1732 jussu,
1310 1650 1360 1732 qui
1375 1650 1440 1732 ipse

181 1768 216 1810 eo
234 1748 358 1812 oonsilio
380 1745 498 1810 videtur
514 1746 610 1809 exisse
627 1767 642 1808 e
659 1745 813 1821 convivio,
835 1755 870 1808 ut
892 1745 992 1809 fratris
1014 1748 1164 1827 epulantis
1177 1751 1358 1838 spectaculo
1373 1771 1442 1834 par-

181 1850 338 1924 lrneretr'rr‚
352 1851 431 1911 iores
445 1847 534 1928 regiae
551 1848 656 1909 domus
672 1847 865 1910 recluduntur
879 1847 1020 1928 venitque
1034 1847 1064 1909 in
1077 1860 1271 1931 conspectum
1283 1852 1441 1935 Thyestes:

341 1951 404 2006 Atr.
427 1947 536 2019 Aperta
557 1947 650 2002 multa
670 1948 748 2002 taeta
771 1947 911 2003 eolluoent
932 1946 1003 2003 laea.

423 2035 579 2105 Resupinus
600 2035 660 2105 ipse
681 2051 812 2104 purpura
833 2037 919 2104 atque
941 2050 1009 2090 auro
1030 2033 1147 2092 innubat

422 2123 496 2180 Vino
518 2124 670 2194 gravatum
691 2121 808 2176 luloiens
828 2121 901 2178 laeva
922 2123 1018 2191 eaput.

421 2210 548 2266 Eruotat.
593 2207 617 2264 Ο
639 2225 683 2264 me
705 2208 828 2264 salitum
848 2207 1064 2264 exoslsissimum

424 2297 533 2368 Regum
555 2297 640 2366 atque
662 2311 765 2366 regem.
810 2295 886 2352 Vota
907 2294 1067 2350 transcendi
1087 2312 1160 2352 mea.

423 2383 508 2440 Satur
529 2386 585 2448 est,
610 2382 709 2452 oapaoi
730 2381 808 2438 duoit
830 2384 949 2454 argento
971 2397 1087 2438 merum.

983 2488 1010 2524 u.
1036 2469 1194 2526 911-16.

265 2589 325 2655 Sed
348 2589 458 2652 lrustro
480 2589 588 2670 poeula
610 2589 728 2666 honrit3
751 2588 865 2652 frustra
886 2607 919 2652 se
940 2589 1022 2670 ipse,
1044 2589 1155 2653 frustra
1177 2590 1284 2655 chorus
1306 2591 1390 2656 illum
1403 2594 1443 2658 ad

181 2690 320 2754 laetitiam
352 2689 593 2772 hilaritatemque
626 2690 778 2754 hortatur:
811 2700 914 2752 tenent
939 2701 1116 2774 occupatum
1139 2701 1170 2754 et
1191 2702 1306 2774 angunt
1328 2694 1443 2758 tristis-

180 2792 266 2856 simae
298 2791 389 2856 futuri
422 2791 655 2872 praesensionem
687 2800 849 2874 erumpunt
881 2790 952 2855 caeci
980 2802 1012 2855 et
1038 2793 1158 2856 obscuri
1180 2795 1290 2858 doloris
1312 2795 1442 2873 indicia,

181 2893 329 2970 lacrimae,
351 2891 493 2975 gemitus,
515 2892 662 2972 ejulatus:

327 2995 399 3064 Thy.
422 2993 494 3060 Quid
515 3011 560 3050 me
581 3009 694 3050 rerooas
715 2993 871 3063 festumque
893 2998 973 3052 vetas

424 3079 570 3136 Celebrate
592 3080 686 3136 diem?
730 3079 802 3147 Quid
823 3081 887 3136 flere
906 3081 1001 3152 jubes,

424 3166 513 3221 Nulla
534 3184 649 3240 surgens
670 3167 749 3223 dolor
770 3185 805 3223 ex
826 3171 931 3225 eausa?

424 3253 490 3321 Quis
512 3271 556 3314 roe
578 3253 710 3324 prohibet
731 3255 798 3310 flore
820 3255 931 3312 deoenti

424 3339 537 3396 Vinoire
560 3342 689 3398 somam?
733 3340 881 3407 Prohibet,
904 3343 1044 3415 probibet.

317 3427 398 3484 (ibor.
421 3429 522 3484 Vernae
543 3429 632 3498 ospiti
653 3429 757 3484 fluxere
778 3445 860 3494 roste,

424 3515 527 3588 Pingui
548 3515 677 3572 madidus
698 3515 783 3570 orinis
804 3531 915 3570 amomo

423 3601 535 3658 Subitos
555 3603 630 3658 inter
652 3603 732 3659 stet't
754 3603 889 3658 horrores.

423 3689 516 3745 Imber
537 3689 620 3745 vultu
640 3689 754 3744 nolente
776 3689 862 3745 cadit.

424 3776 511 3832 Venit
533 3775 563 3831 in
584 3775 689 3831 medias
711 3791 792 3832 voces
814 3775 942 3849 gemitus.

992 3879 1019 3917 v.
1045 3863 1226 3920 ete-955.

181 3983 350 4052 Maximum
373 4001 443 4044 vero
465 3981 618 4045 horrorem
640 3983 684 4045 illi
707 3983 834 4046 extremi
856 4003 960 4046 versus
983 3984 1159 4048 movebunt:

327 4087 401 4155 Thy.
709 4081 806 4154 Vagus
826 4084 904 4140 intra

423 4167 524 4223 Terror
546 4167 672 4235 oberrat,
697 4170 802 4226 subitos
823 4171 945 4226 fundunt

425 4255 506 4310 Oouli
527 4256 608 4312 fletus
628 4271 681 4310 neo
702 4273 786 4312 eausa
807 4259 910 4314 subest.

424 4342 510 4398 Dolor
532 4359 571 4398 an
592 4345 683 4400 metus
703 4345 765 4402 esti

424 4429 469 4486 Aa
490 4429 577 4486 babet
599 4429 730 4488 laommas
751 4447 855 4503 magna
876 4431 1027 4502 voluptas?

998 4537 1024 4574 v.
1050 4521 1208 4576 soe-73.

182 4636 312 4702 Omnino
344 4637 507 4720 praelarus
538 4637 587 4701 bio
619 4636 702 4702 loeus
734 4647 766 4702 ot
798 4637 837 4701 ad
869 4637 986 4702 animos
1007 4639 1128 4719 ponitus
1150 4638 1363 4704 ooooutleodos
1384 4661 1440 4724 ap-

182 4737 325 4802 tissimus.
