3554 5406
552 501 592 558 De
614 501 645 560 t.
667 501 767 560 Annei
788 503 899 561 Senecae
921 503 1092 579 tragoediis.
1419 511 1456 566 51

201 672 309 758 Atque
342 673 409 738 hac
442 673 566 758 quidem
598 672 684 737 sola:
718 693 793 738 mox
817 673 937 739 nutrice
959 695 1078 754 coram,
1099 676 1261 764 hymenaeo
1283 680 1406 746 tasonis
1430 691 1462 746 et

201 777 327 842 Creusa
349 775 470 851 audito,
492 776 601 839 eodem
625 776 691 839 lere
713 776 805 840 modo
829 776 1015 842 bacchatur:

797 909 908 966 Scelere
928 913 958 968 te
979 913 1127 970 hortentur
1147 917 1198 970 tna

442 997 479 1054 Et
502 999 605 1054 cuncta
626 995 752 1053 redeant.
796 997 930 1055 Inclitnm
951 999 1032 1072 regni
1053 1001 1135 1056 decus

442 1085 567 1154 Raptum
590 1085 619 1140 et
641 1083 767 1140 nefanda
789 1084 906 1156 virginis
927 1104 1030 1157 parvus
1051 1103 1142 1143 comes

440 1170 553 1226 Divisae
579 1186 643 1226 ense
665 1169 747 1226 limus
768 1171 909 1244 ingestum
930 1175 1007 1244 patri

442 1257 630 1328 sparsumque
651 1263 739 1328 ponto
762 1275 862 1329 corpus
884 1263 913 1317 ct
934 1261 1018 1318 Peliae
1040 1261 1112 1318 senis

440 1345 564 1401 Deoocta
585 1361 655 1400 aeno
676 1347 812 1402 membra.

993 1452 1020 1489 v.
1047 1431 1204 1487 129—34.

198 1549 369 1634 Euripides
402 1554 468 1617 haec
500 1553 565 1616 lere
599 1573 769 1636 numquam
802 1553 947 1636 attingit3
980 1555 1101 1620 Seneca
1133 1551 1275 1616 studiose
1304 1554 1458 1619 inculcat:

197 1673 310 1735 nempe
344 1653 398 1717 ille
431 1654 464 1716 id
496 1655 573 1737 agit,
601 1663 636 1718 ut
658 1657 750 1718 lavor
772 1656 892 1718 Medea
916 1665 947 1718 et
969 1655 1197 1729 misericordia,
1218 1654 1271 1717 bic
1292 1664 1327 1720 ut
1348 1656 1456 1722 odium

199 1760 232 1816 et
254 1753 367 1818 horror
389 1757 548 1821 confletur.
590 1757 655 1820 Sed
677 1775 747 1819 ecoe
770 1764 900 1840 repente
922 1757 1014 1820 nobis
1037 1763 1191 1820 mutatur:

440 1891 512 1958 Quid
532 1894 630 1948 tamen
651 1892 733 1948 Iason
754 1892 849 1962 potuit
871 1891 957 1948 alieni
978 1891 1084 1950 arbitri,

440 1977 569 2049 Jurisque
592 1979 702 2036 lactus?
726 2007 766 2020 -
789 1979 893 2036 Debuit
915 1979 988 2036 ferro
1009 1979 1123 2036 obviarn

440 2063 544 2121 Offerre
566 2069 673 2136 pectus.
700 2095 734 2106 -
761 2065 871 2132 Melius,
895 2067 942 2134 ah,
965 2067 1063 2122 melius
1085 2065 1163 2122 dolor

439 2151 550 2208 Furiose
573 2152 695 2223 loquere.
740 2151 770 2208 Si
791 2156 894 2224 potest,
917 2155 998 2210 vivat
1019 2169 1096 2209 mens

439 2239 479 2296 Ut
500 2239 554 2296 luit
576 2239 666 2306 Iason,
689 2240 733 2296 siu
754 2241 856 2306 minus,
878 2241 959 2297 viret
980 2244 1077 2297 tamen

439 2327 600 2397 Memorque
621 2329 710 2384 nostri
732 2327 841 2384 muneri
862 2331 963 2398 parcat
983 2345 1055 2384 meo.

439 2413 529 2484 Culpa
550 2417 591 2470 est
613 2413 739 2472 Creontis
761 2417 823 2471 tota
845 2415 895 2486 qui
917 2419 1027 2486 sceptro
1048 2416 1187 2486 impotens

438 2499 576 2573 eonjugic
597 2501 683 2558 solvit
705 2502 808 2572 quique
830 2503 1002 2574 genetricem
1023 2503 1164 2560 abstrahit

441 2586 541 2644 Gnatis
564 2591 593 2644 et
615 2594 678 2644 arto
700 2591 817 2662 pignore
839 2589 1006 2646 adstrictam
1027 2590 1110 2645 fidem

443 2673 567 2730 Dirimit.
612 2675 730 2733 Petatur
751 2675 825 2732 solue
846 2677 902 2743 hic,
926 2694 1031 2748 poenas
1053 2677 1115 2733 luat

438 2762 512 2829 Quas
533 2761 625 2819 debet.

989 2868 1017 2906 v.
1044 2849 1201 2906 137-47.

279 3002 431 3084 Ejusdem
465 3001 605 3066 mulieris
638 3004 704 3066 haec
736 3010 812 3066 sunt
844 3011 876 3066 et
897 3002 975 3066 illa?
1025 3002 1095 3066 Aut
1117 3021 1188 3086 qua
1209 3010 1259 3068 est
1279 3003 1344 3068 ista
1364 3010 1456 3068 tanta

195 3111 324 3186 tamque
347 3102 513 3187 repentina
535 3105 681 3180 mutatio,
702 3112 747 3180 ut,
770 3125 837 3188 quae
860 3106 952 3168 modo
975 3104 1007 3168 in
1030 3104 1282 3168 foedissimorum
1304 3106 1454 3169 scelerum

102 3215 106 3222 “
195 3205 415 3270 recordatione
449 3205 670 3279 exsultaverit,
699 3205 765 3287 jam
788 3205 895 3270 subito
918 3206 965 3270 ita
987 3208 1028 3269 ad
1049 3206 1213 3270 lenitatem
1237 3213 1269 3268 et
1290 3205 1455 3287 indulgen-

195 3305 274 3368 tiam
309 3306 449 3381 inclinet,
471 3315 507 3370 ut
528 3327 650 3370 summa
672 3306 790 3388 injuria
811 3309 926 3370 affecta
947 3307 1028 3371 ultro
1053 3307 1240 3370 defendendi
1264 3307 1455 3372 excusandi-

195 3426 255 3490 qne
288 3415 397 3488 partes
419 3407 593 3488 suscipiat?
636 3409 765 3471 Nullam
788 3409 871 3489 apud
894 3407 1091 3490 Euripidem,
1113 3416 1147 3470 ut
1169 3407 1318 3484 vidimus,
1340 3407 1455 3472 Medea

195 3527 302 3572 vocem
336 3508 464 3583 emittit,
487 3528 555 3592 quae
578 3510 629 3574 vel
651 3509 844 3574 levissimam
869 3517 996 3573 moveat
1017 3508 1224 3590 suspicionem
1246 3509 1382 3592 vigentis
1406 3517 1455 3574 ot-

194 3609 342 3673 iamnunc
374 3608 502 3673 amoris,
545 3609 630 3682 Quid
651 3609 717 3674 ita?
761 3609 845 3683 Quia
872 3619 922 3674 est
946 3609 1053 3692 magni
1075 3609 1172 3672 animi
1194 3618 1227 3674 et
1248 3610 1352 3686 fortis,
1375 3631 1454 3688 eum,

194 3731 215 3774 a
237 3729 297 3794 qno
319 3709 470 3792 injuriam
493 3712 664 3794 acceperis,
685 3711 713 3774 si
736 3731 775 3775 ea
797 3711 1005 3794 cuminsigni
1027 3709 1134 3795 aliqua
1155 3711 1360 3794 improbitate
1381 3732 1453 3794 per·

193 3813 309 3875 ddiare
342 3811 386 3874 sit
418 3811 596 3891 conjuncta,
630 3813 696 3894 ejus
731 3833 796 3877 non
819 3813 911 3876 modo
934 3813 1110 3888 caritatem,
1133 3813 1189 3876 sed
1212 3813 1309 3876 etiam
1333 3833 1453 3877 memo-

194 3913 273 3976 riam
307 3912 452 3976 caritatis
486 3913 615 3994 penitus
648 3913 801 3992 evellere;
833 3913 894 3977 hoc
925 3934 1000 3979 vero
1034 3913 1195 3978 muliebris
1223 3914 1453 3978 imbecillitatis

193 4013 354 4096 proprium
387 4020 436 4078 est
457 4013 610 4096 longeque
632 4034 651 4078 a
674 4014 795 4080 Medea
815 4015 965 4079 firmitate
987 4014 1229 4098 constantiaque
1252 4015 1452 4097 disjunctum,

193 4135 283 4198 quern
305 4114 410 4178 odisee
431 4122 563 4196 propter
583 4115 718 4196 injurias
742 4116 867 4192 debeas,
890 4117 957 4198 ejus
979 4135 1085 4180 amore
1108 4125 1140 4178 et
1162 4116 1318 4180 desiderio
1341 4115 1451 4180 teneri.

193 4215 244 4280 An
276 4235 339 4279 non
372 4215 497 4300 accepit
521 4217 636 4281 Medea
656 4216 807 4298 injuriam
831 4226 889 4281 aut
909 4225 975 4280 tam
997 4218 1097 4281 levem
1120 4218 1253 4300 accepit,
1275 4227 1310 4281 ut
1330 4217 1451 4300 ignosci

193 4316 223 4380 ei
255 4314 349 4380 facile
381 4315 512 4399 posset?
554 4318 618 4381 (lur
638 4317 735 4400 igitur
756 4318 915 4383 ulciscitur
936 4326 1002 4384 tam
1026 4318 1160 4383 acerbe?
1203 4319 1301 4400 Cujus
1323 4317 1451 4382 ultiouis

193 4437 290 4500 genna
322 4417 350 4481 si
382 4418 476 4482 fidem
508 4417 688 4482 habiturum
721 4427 780 4496 est,
813 4439 941 4484 necesse
964 4429 1023 4496 est,
1045 4427 1164 4503 quanta
1184 4419 1228 4484 sit
1249 4419 1316 4500 ejus
1337 4419 1451 4482 imma-

193 4519 435 4592 attestantem
458 4519 523 4583 odii
546 4518 709 4584 videamus
731 4521 830 4586 luisse
858 4521 1072 4586 atrocitatem.
1103 4521 1168 4587 Sed
1192 4521 1234 4585 ad
1255 4540 1320 4585 rem
1341 4539 1451 4585 rever-

191 4627 304 4684 mmor.
