3508 5404
574 515 614 572 De
636 517 668 573 Ι..
690 517 789 576 Annei
809 516 919 576 Seneca
940 515 1111 588 tragoediis.
1431 515 1469 572 8¹1

214 695 281 761 eat,
307 694 343 750 ut
363 693 488 768 uterque
513 686 551 750 de
573 695 640 752 totu
661 689 766 754 subole
791 689 823 752 id
844 688 972 764 dixerit,
1000 689 1077 770 quod
1098 693 1181 750 recte
1202 685 1393 768 pronunciari
1415 686 1473 750 nisi

214 789 253 850 de
274 795 362 870 parto
382 806 442 852 nou
465 797 577 869 posset.
620 789 683 854 Sed
706 788 743 852 de
764 789 823 856 hae
843 789 962 871 quidem
984 809 1016 852 re
1037 789 1194 852 hactenus.

301 921 373 985 Jam
401 921 439 984 ud
461 921 613 1006 Thyesten
644 922 822 997 transimus,
854 943 941 1004 quum
963 931 1128 986 extremam
1150 923 1236 986 nobis
1258 939 1374 996 earnm,
1406 939 1472 1004 quae

214 1032 296 1086 recte
318 1021 439 1086 Senecae
461 1023 618 1086 ettribntee
639 1024 792 1097 videntur,
813 1025 984 1087 fabularum
1006 1023 1194 1107 reliqnimns3
1220 1044 1285 1106 qnae
1306 1041 1395 1104 quum
1417 1043 1473 1086 sua

214 1130 322 1205 sponte
348 1122 389 1186 sit
417 1123 524 1205 dignu,
556 1143 623 1207 qnae
653 1125 809 1188 evolvatur
831 1123 1057 1205 diligentissime
1080 1161 1119 1171 -—
1145 1125 1284 1207 quicquid
1306 1123 1384 1186 enirn
1407 1141 1473 1186 onr-

215 1223 287 1286 nino
310 1223 341 1286 in
363 1243 471 1304 genere
494 1225 651 1288 Senecano
677 1225 707 1288 in
731 1227 840 1288 bonam
863 1223 1009 1288 rnelamve
1031 1233 1147 1307 partem
1169 1223 1283 1307 insigne
1304 1221 1473 1306 deprehen-

215 1324 309 1399 ditur,
340 1323 372 1387 id
399 1324 430 1388 in
456 1324 514 1389 hac
541 1346 602 1390 nuo
626 1334 689 1390 taur
718 1327 829 1390 eminet
856 1334 886 1390 et
907 1336 1025 1401 exstat,
1058 1345 1147 1409 quarn
1168 1325 1198 1389 in
1222 1326 1306 1391 nulla
1329 1323 1391 1388 alle
1416 1344 1473 1387 ex-

213 1445 347 1507 pressum
376 1425 513 1488 videmus
540 1462 579 1472 -
612 1434 676 1490 tum
702 1427 793 1491 etiem
822 1448 859 1490 ea
885 1447 916 1490 re
944 1427 1187 1502 commandatur,
1219 1427 1297 1508 qnod
1324 1425 1354 1488 in
1383 1435 1473 1489 tantu

214 1525 406 1590 multitudine
438 1527 674 1608 tragoediarum,
711 1547 778 1610 quen
809 1527 839 1591 in
872 1528 977 1592 eodem
1009 1537 1138 1592 versate
1172 1537 1244 1590 sunt
1280 1533 1472 1608 argumento,

213 1646 303 1709 quum
336 1626 459 1692 totidem
492 1646 585 1710 prope
616 1628 760 1712 Thyestae
788 1637 861 1712 quot
881 1638 978 1710 poetes
1000 1629 1105 1710 tragici
1126 1628 1237 1692 inerint
1265 1637 1296 1692 et
1317 1627 1473 1710 Thyestea

213 1746 307 1790 coena
328 1727 560 1810 ipsiusgeneris
586 1749 672 1810 paene
698 1730 877 1796 vocabulum
900 1739 932 1794 et
956 1749 1063 1794 noman
1086 1729 1232 1804 evaserit,
1257 1727 1321 1792 haec
1342 1747 1403 1790 una
1433 1747 1472 1790 ex

212 1829 351 1892 omnibns
377 1826 495 1911 integra
527 1829 566 1892 ed
593 1840 726 1894 nostram
754 1839 876 1894 aetatem
904 1829 1079 1912 permansit.
1117 1823 1331 1912 Quapropter,
1363 1847 1472 1912 quam-

213 1947 315 2010 quam,
346 1937 395 1993 tot
419 1937 490 1993 ente
516 1929 626 1993 fabulis
654 1931 822 2008 recensitis,
859 1931 885 1994 si
919 1931 949 1994 io
978 1931 1035 1995 hac
1061 1941 1196 1995 extreme
1228 1930 1276 1994 rel
1304 1928 1471 1994 brevissimi

211 2047 358 2104 essemus,
392 2029 480 2094 facile
512 2030 543 2093 id
574 2031 662 2096 nobis
696 2031 735 2094 ab
769 2031 907 2096 omnibus
933 2033 1158 2108 concederetur,
1190 2041 1306 2106 tamen,
1342 2051 1379 2094 ne
1412 2029 1470 2092 hoc

211 2139 365 2214 tamqnam
387 2131 456 2210 jure
482 2139 587 2196 nostro
613 2143 749 2209 utamur,
781 2135 825 2197 rei
852 2133 947 2215 ipsius
975 2133 1107 2213 gravitas
1128 2133 1269 2215 prohibat
1297 2141 1329 2196 et
1350 2131 1471 2212 magni-

211 2231 296 2296 tudo.
339 2231 486 2324 Instituta
506 2231 598 2313 igitur
619 2234 723 2298 labala
742 2235 773 2298 in
797 2234 876 2299 hunc
898 2235 1017 2297 modum
1040 2242 1096 2298 est.

294 2365 453 2430 inducitur
480 2366 608 2448 primum
636 2367 759 2432 Tantali
788 2370 910 2446 umbra,
943 2391 1032 2455 quarn
1061 2389 1100 2434 ex
1120 2368 1223 2432 inferia
1245 2367 1274 2430 io
1298 2367 1393 2432 lucem
1415 2387 1470 2430 ex-

211 2473 340 2530 tractum
367 2466 462 2530 Furia
490 2476 630 2550 nepotum
657 2469 775 2533 domum
803 2471 927 2536 introire
949 2474 1050 2554 jubet,
1083 2479 1118 2534 ut
1144 2490 1194 2533 eos
1222 2471 1260 2534 ad
1289 2469 1417 2532 furorem
1439 2478 1471 2532 et

211 2568 328 2632 scelera
358 2567 527 2650 compellat.
576 2568 680 2652 Atque
706 2569 772 2646 illa,
805 2573 928 2636 tametsi
951 2574 1017 2656 jam
1044 2575 1083 2638 ab
1108 2571 1194 2634 initio
1222 2569 1363 2633 horribile
1396 2569 1468 2632 illnd

211 2667 408 2734 ministerium
433 2669 599 2744 dementat,
627 2680 662 2734 ut
682 2671 805 2736 edoctus
827 2694 846 2736 a
867 2674 961 2738 Furia
982 2682 1044 2750 eet,
1072 2681 1185 2757 quauta
1207 2672 1350 2764 malornm
1372 2669 1469 2734 scele-

209 2788 333 2853 rumque
353 2769 447 2832 neries
470 2771 620 2834 lunestarn
642 2772 763 2836 domum
785 2784 938 2852 maneret,
960 2785 1025 2840 tum
1046 2794 1118 2838 nero
1141 2793 1175 2836 eo
1197 2771 1319 2836 horrore
1340 2772 1469 2855 perluu-

211 2870 306 2946 ditur,
328 2883 363 2934 ut
383 2870 432 2933 val
452 2869 587 2934 internos
609 2871 677 2936 illos
699 2874 849 2938 cruciatus
871 2896 974 2940 rursus
996 2877 1147 2960 suscipere
1169 2873 1269 2938 malit:

317 2970 382 3028 Fur.
853 2975 934 3034 Siste.
980 2977 1038 3046 Quo
1060 2993 1183 3050 praeceps
1204 2975 1282 3032 ruia?

321 3057 405 3114 Tout.
449 3056 494 3112 Ad
516 3059 618 3130 stagna
639 3061 669 3116 et
691 3061 781 3117 amnis
802 3061 839 3118 ed
860 3065 1021 3121 recedentes
1044 3083 1132 3136 oquae

450 3141 603 3216 Lubrisque
625 3147 662 3202 ab
683 3148 751 3218 ipsis
772 3149 879 3206 arboris
900 3152 991 3223 plener
1011 3152 1102 3224 fugae.

449 3230 536 3286 Abire
556 3233 587 3286 in
609 3235 703 3289 etrum
724 3237 843 3292 carceris
864 3237 950 3294 liceat
970 3239 1026 3294 mei

449 3315 564 3384 (iubila,
587 3318 687 3386 liceat,
710 3321 855 3393 siparum
877 3325 973 3381 videor
994 3325 1092 3387 miser,

450 3405 562 3460 Mutare
582 3405 672 3478 ripae:
696 3408 776 3466 alveo
798 3412 904 3466 medius
925 3413 975 3468 tuo

449 3491 626 3564 Phlegethon
647 3495 792 3566 relinquar
813 3497 896 3572 igneo
918 3499 1026 3641 cinctave
1047 3494 1135 3636 {evid-
1143 3577 1182 3632 η

292 3693 408 3760 Ceteris
430 3699 552 3776 deinde,
573 3697 624 3783 qni
646 3701 727 3783 apud
747 3701 858 3768 inferos
880 3703 1065 3785 plectuntur,
1086 3696 1263 3781 appellatisr

889 3803 1004 3860 Tantali
1025 3817 1122 3859 vocem
1145 3797 1241 3867 excipe

449 3883 631 3956 Properantis
653 3889 689 3944 ed
710 3907 768 3947 ros.
813 3889 923 3947 Credita
945 3891 1060 3961 experto
1081 3885 1165 3942 mihi:

449 3971 551 4029 Amute
572 3990 686 4045 poenas.

1006 4081 1034 4120 v.
1059 4060 1174 4118 80-2.

290 4177 429 4242 Instante
451 4199 521 4243 vero
542 4180 651 4258 Furio,
672 4201 789 4246 rursus:

870 4283 915 4338 Me
937 4283 1000 4354 peti
1021 4301 1124 4355 poenas
1146 4283 1239 4346 deret,

448 4365 513 4422 Non
535 4383 593 4423 esse
614 4384 744 4437 poenam.
788 4367 888 4426 Mittor
908 4373 940 4426 ut
962 4371 1038 4426 dinis
1060 4387 1149 4441 vapor

446 4452 556 4510 Tellure
577 4458 663 4527 rupte
684 4455 730 4511 vel
751 4472 867 4527 gravem
887 4457 1000 4528 populis
1020 4458 1096 4514 luem

446 4539 584 4612 Sparsura
605 4543 700 4613 poetis.
745 4542 853 4598 Ducam
875 4543 905 4600 in
926 4545 1096 4600 horrendum
1117 4541 1196 4600 neme

446 4627 522 4686 Avus
543 4629 680 4700 nepotes?

998 4735 1026 4772 v.
1051 4715 1189 4771 86-90.

1290 4834 1322 4897 ll
