3508 5404
556 491 597 546 De
619 491 649 549 Ia
673 493 772 550 Annaei
794 493 903 550 Senem
925 494 1094 566 Tragoediis.
1418 497 1456 552 91

198 659 297 740 arguit
333 661 537 726 voluntatem:
575 663 632 726 nisi
664 665 743 746 quod
776 665 825 728 hic
855 663 1089 746 Agamemnone
1121 675 1282 748 praeseote‘
1299 687 1360 730 non
1391 668 1462 732 silut

197 762 285 845 eique
303 763 380 844 ipsi,
402 774 550 846 qnantum
573 765 737 845 periculum
759 765 870 840 instet,
899 767 979 830 haud
1001 769 1127 831 obscure
1149 767 1308 848 siguificat.
1350 768 1459 832 Occiso

198 884 268 928 vero
301 865 527 946 Agamemnone
558 867 684 930 Electra
715 868 803 930 domo
835 889 868 929 se
898 869 1024 949 proripit
1047 869 1164 934 Orestae
1188 870 1272 932 fratri
1295 871 1459 950 perfugium

197 985 347 1047 quaerens:
380 985 471 1048 quam
504 966 664 1048 Strophius
698 978 785 1032 vetus
816 969 1053 1049 Agamemnonis
1086 971 1212 1052 hospes,
1245 971 1295 1052 qui
1322 979 1385 1034 tum
1412 971 1461 1052 ip·

197 1087 265 1130 sum
302 1067 407 1132 ludicri
441 1068 615 1130 certaminis
647 1069 745 1132 victor
777 1071 847 1133 belli
880 1071 986 1133 victori
1020 1072 1115 1134 amico
1148 1071 1331 1153 gratulatum
1364 1072 1459 1146 venit,

197 1179 304 1232 orante
327 1168 450 1232 Electra
472 1189 561 1232 curru
582 1170 734 1233 sublatum
757 1191 927 1252 coronaque
950 1181 982 1234 et
1002 1173 1105 1253 palma
1126 1171 1259 1236 victoriae
1291 1173 1459 1253 insignibus

197 1280 343 1334 ornatum
364 1289 402 1332 ex
429 1269 616 1334 inimicorum
646 1272 784 1335 manibus
806 1273 903 1354 eripit.
945 1274 1122 1336 Extremum
1146 1275 1241 1338 locum
1264 1283 1348 1338 tenet
1368 1274 1460 1338 Eleo-

196 1381 252 1435 trae
273 1391 341 1435 curu
363 1371 607 1434 interfectoribus
629 1374 724 1453 patris
746 1374 915 1436 altercatio.

282 1473 359 1534 Haec
380 1471 472 1553 hujus
495 1473 604 1534 fabulae
626 1475 801 1555 compositio
824 1484 883 1537 est:
917 1493 1017 1555 aqua
1040 1474 1209 1556 priusquam
1233 1475 1367 1550 discedo,
1400 1476 1459 1539 duo

199 1583 317 1636 tanturn
341 1573 474 1654 legentes
497 1574 666 1636 admonitos
689 1575 787 1638 velim.
830 1577 933 1639 Unum
954 1586 1015 1649 est,
1039 1576 1089 1637 vix
1111 1575 1251 1638 credibile
1269 1576 1365 1638 videri
1380 1576 1459 1640 hanc

197 1675 331 1738 fabulam
355 1694 394 1735 ex
408 1674 554 1757 AEschylo
572 1683 625 1738 aut
640 1674 786 1758 AEschylo
802 1677 864 1738 solo
881 1697 945 1739 esse
962 1695 1150 1756 expressam:
1165 1678 1358 1740 statuendum
1374 1697 1459 1758 pane

196 1775 368 1838 necessario
389 1776 482 1838 aliam
504 1776 635 1857 aliquam
659 1777 790 1856 ejusdem
808 1778 973 1856 argumenti
990 1777 1127 1841 Graecaur
1143 1778 1276 1840 fabulam
1295 1778 1459 1854 exstitisse,

196 1879 235 1940 ad
267 1878 352 1958 cujus
384 1876 615 1939 similitudinem
649 1877 697 1940 hic
719 1899 805 1940 suam
829 1889 882 1942 aut
903 1889 998 1940 totam
1023 1889 1077 1942 aut
1098 1888 1200 1960 partes
1222 1881 1285 1959 ejus
1308 1879 1458 1942 direxerit.

196 1979 277 2042 Nam
310 1996 429 2053 eorum,
463 1978 571 2059 quibus
600 1978 687 2059 hujus
717 1980 827 2042 fabulae
849 1981 888 2042 ab
909 1979 1074 2062 AEschylea
1097 1980 1307 2043 dissimilitudo
1330 1981 1459 2044 maxime

196 2079 338 2152 cernitur,
360 2078 502 2160 pleraque
526 2099 591 2141 eam
615 2080 729 2141 habeut
750 2081 971 2157 condicionem,
1004 2091 1054 2155 ut,
1087 2081 1157 2162 quid
1186 2081 1215 2142 in
1244 2081 1302 2142 illis
1326 2091 1378 2144 aut
1400 2082 1459 2145 Se-

196 2200 277 2244 necae
298 2188 352 2243 aut
373 2180 424 2242 alii
446 2179 575 2260 cuipiam
599 2181 762 2244 consimilis
784 2182 950 2244 voluntatis
972 2182 1110 2263 scriptori
1126 2191 1285 2263 tantopere
1301 2183 1459 2262 placuerit,

196 2283 247 2344 vix
268 2280 393 2362 intelligi
415 2283 526 2362 possit,
549 2300 639 2364 quam
661 2283 739 2344 belle
762 2291 862 2346 autem
885 2285 923 2345 ad
947 2283 1062 2345 Graecae
1085 2284 1210 2363 alicujus
1233 2283 1459 2364 perfectissima

197 2383 307 2446 fabulae
329 2383 476 2444 rationein
500 2382 613 2446 fuerint
636 2386 768 2458 factura,
789 2384 920 2446 dubitari
944 2403 1004 2446 non
1020 2393 1120 2466 queat.
1155 2382 1234 2454 Quid
1247 2383 1348 2446 enim?
1370 2381 1458 2454 Quod

194 2485 351 2564 jamenta
386 2484 549 2546 adventum
581 2484 818 2564 Agamemnonis
851 2486 1003 2550 occidendi
1036 2487 1100 2565 eJ'us
1129 2505 1148 2546 a
1173 2485 1407 2566 Clytaemnestra
1428 2495 1460 2548 et

197 2585 339 2665 AEgistho
372 2585 474 2666 palam
506 2585 649 2648 ineuntur
681 2586 822 2660 consilia,
855 2596 889 2650 ut
911 2587 1013 2650 statim
1037 2607 1055 2648 a
1076 2586 1238 2666 principio,
1260 2587 1329 2667 quid
1351 2586 1460 2648 trium·

196 2686 303 2768 phanti
337 2696 368 2748 et
401 2685 440 2747 ad
462 2687 595 2767 conjugis
618 2687 790 2767 amplexum
814 2688 985 2769 properanti
1008 2687 1069 2768 regi
1092 2686 1279 2768 impendeat,
1312 2706 1370 2749 non
1394 2687 1458 2750 sine

197 2789 318 2850 horrore
352 2787 481 2869 quodam
514 2788 760 2868 prasentiamus:
794 2791 873 2871 quod
906 2790 956 2851 ille
986 2789 1050 2868 jam
1078 2789 1107 2849 in
1131 2797 1266 2850 extremo
1289 2789 1458 2851 discrimine

195 2888 341 2951 introiens
374 2889 511 2962 domurn,
544 2889 595 2952 ubi
622 2900 747 2952 manent
767 2890 988 2964 interfectores,
1022 2889 1204 2952 Cassandra
1226 2889 1458 2953 admonitionem

196 2989 378 3066 contemnit3
412 2999 446 3052 ut
474 2991 665 3052 confirmetur
687 2992 735 3054 hic
757 3011 873 3074 quoque
895 2992 1134 3072 antiquissimum
1156 2991 1248 3065 illud,
1280 2992 1460 3068 Fortunam,

196 3110 269 3172 quos
292 3092 414 3172 perdere
437 3091 578 3164 voluerit,
610 3112 773 3155 occaecare:
806 3095 883 3174 quod
906 3093 1032 3174 denique
1055 3093 1112 3154 hac
1133 3091 1320 3172 potissimum
1343 3092 1459 3155 ratione

197 3212 236 3254 ex
258 3191 422 3254 domestica
445 3193 526 3254 caede
547 3193 679 3256 elabitur
701 3193 824 3258 Orestes
847 3215 914 3256 cunr
937 3193 1129 3256 faustissimis
1152 3193 1261 3254 futurae
1279 3193 1410 3256 victoriae
1429 3201 1460 3256 ct

197 3293 319 3356 ultionis
341 3293 506 3356 ominibus:
529 3295 717 3376 quiquidem
741 3295 824 3358 locus
847 3294 1036 3358 declamandi
1059 3293 1233 3356 facultatem
1256 3294 1372 3374 praebet
1392 3293 1457 3355 exi-

197 3414 304 3474 guam,
326 3395 489 3456 transitum
512 3403 614 3458 autern
637 3396 676 3457 ad
699 3395 815 3460 Orestae
838 3397 953 3458 facinus
976 3395 1169 3457 tractandum
1185 3395 1331 3474 optimum
1347 3394 1458 3456 munit:

197 3494 260 3558 haec
282 3495 371 3576 igitur
393 3495 510 3570 omnia,
532 3497 558 3558 si
580 3498 743 3578 prudenter
765 3507 796 3560 et
817 3497 977 3559 artificiose
999 3504 1031 3558 et
1052 3514 1149 3558 rerum
1172 3503 1287 3558 naturae
1315 3495 1459 3558 conveni-

195 3607 285 3674 enter
292 3605 394 3659 essent
406 3605 561 3676 pertexta‚
583 3618 689 3680 parurn
711 3598 804 3678 digna
819 3617 945 3662 evasura
961 3596 1052 3660 fuisse
1068 3615 1225 3660 censemus
1242 3606 1295 3659 aut
1310 3595 1458 3676 Sophocle

196 3706 250 3760 aut
282 3697 428 3778 Euripide
461 3707 516 3760 aut
547 3697 573 3760 si
607 3698 674 3780 quis
706 3699 783 3762 alius
813 3700 870 3761 fuit
898 3699 1006 3761 nobilis
1029 3697 1193 3778 tragoediae
1215 3697 1361 3779 scriptor?
1382 3696 1459 3760 Mihi

195 3799 314 3881 quidem
346 3808 414 3861 tota
447 3798 511 3861 haec
544 3799 663 3874 fabula,
696 3819 787 3882 quum
819 3800 927 3863 ceteris
961 3801 1049 3863 rebus
1083 3799 1121 3862 ad
1144 3797 1303 3879 Sophoclis
1327 3799 1457 3862 mammo

196 3899 343 3963 rationem
375 3885 584 3982 componendi
605 3901 725 3964 videtur
756 3902 918 3977 accedere,
951 3912 1014 3963 tum
1047 3900 1077 3963 iu
1111 3900 1241 3964 Electra
1268 3900 1399 3962 erroribus
1427 3907 1459 3962 et

196 4000 312 4064 Orestae
335 4002 407 4080 fuga
429 4000 474 4063 ita
495 4011 565 4081 apte
588 4001 720 4081 ejusdem
742 4003 872 4065 Electrae
896 4003 1005 4064 fabula
1032 4001 1205 4076 convenire,
1238 4009 1288 4076 ut,
1311 4001 1368 4064 nisi
1389 3999 1459 4062 nul-

197 4101 258 4164 lam
285 4101 350 4181 ejus
379 4101 469 4164 fuisse
491 4100 748 4190 Agamemnonem
771 4113 938 4180 constaret,
972 4104 1049 4165 illius
1079 4101 1209 4164 maxime
1231 4100 1457 4165 similitudinem

197 4201 278 4265 huno
299 4211 433 4266 secutum
457 4221 521 4264 esse
545 4204 624 4266 haud
646 4204 820 4266 dubitanter
842 4206 1059 4267 contenderem.

280 4301 420 4366 Alterum
454 4303 586 4386 pertinet
617 4306 656 4368 ad
678 4305 745 4380 illa,
778 4307 885 4386 quibus
908 4325 965 4368 nou
989 4305 1114 4368 Senecae
1137 4303 1216 4366 hanc
1239 4302 1371 4366 fabulam
1393 4321 1457 4364 esse

197 4403 317 4486 probari
339 4404 467 4468 videtur.
510 4405 619 4469 Mirum
642 4415 689 4468 est
710 4406 806 4478 enim,
838 4427 927 4488 quarn
953 4407 983 4469 iu
1006 4406 1064 4469 hac
1085 4404 1189 4468 fabula
1211 4405 1292 4468 aliud
1313 4421 1404 4484 quam
1425 4401 1456 4465 in

197 4505 347 4585 prioribus
369 4524 462 4585 genus
485 4507 618 4581 dicendi,
639 4506 721 4568 aliud
743 4507 828 4588 quasi
850 4509 932 4572 filum
953 4507 1098 4571 orationis
1121 4507 1266 4568 offendas.
1308 4503 1393 4567 Nihil
1408 4502 1456 4566 hic

197 4606 380 4686 reperimus,
402 4608 480 4688 quod
502 4615 692 4689 stupeamus,
713 4609 791 4690 quod
807 4609 996 4684 admiremur,
1011 4609 1088 4690 qood
1105 4607 1268 4681 laudemus,
1289 4605 1367 4686 quod
1383 4605 1457 4666 ode-

197 4706 299 4770 rimus:
325 4707 431 4788 jaceut
452 4708 553 4772 omnia
574 4717 610 4772 et
632 4709 775 4790 languent
796 4711 860 4774 sine
881 4711 911 4773 vi
933 4730 969 4774 ac
990 4708 1092 4772 nervis
1113 4715 1144 4770 et
1166 4706 1305 4789 aquabili
1326 4705 1456 4788 quadam
