3554 5406
538 535 579 588 De
600 535 632 590 L.
655 533 754 590 Annei
775 533 885 591 Seneca
906 533 1076 606 Tragoediia.
1407 535 1445 590 23

193 704 371 768 decoraret:
404 723 503 786 usque
536 705 616 768 adeo
650 705 777 768 divinus
804 705 837 768 in
859 705 920 768 hac
941 723 1079 787 persona
1102 703 1309 786 exprimenda
1329 704 1447 768 artilex

193 805 319 868 exstitit
349 806 518 886 Euripides
552 825 651 888 eoque
679 812 930 888 temperamento
954 807 987 868 in
1010 806 1071 868 hac
1092 805 1274 868 narratione
1296 814 1449 868 venuste·

192 913 256 968 tem
290 925 358 970 curn
391 907 547 986 dignitate
581 907 746 988 conjunxit
772 915 868 990 atque
891 907 1057 970 conflavit:
1080 926 1174 989 quum
1198 913 1231 968 et
1252 926 1349 970 suere
1370 907 1448 970 illud

193 1015 226 1070 et
254 1008 434 1088 jucundum,
468 1009 550 1089 quod
584 1008 684 1070 habet
716 1017 792 1072 actes
814 1016 926 1072 tenera
949 1015 982 1072 ot
1003 1008 1191 1088 praefulgens
1215 1009 1321 1070 lormae
1343 1009 1447 1084 decus,

192 1107 240 1172 ita
272 1108 438 1190 exprimat,
470 1117 506 1172 ut
538 1109 630 1172 fortis
656 1109 753 1172 animi
788 1117 821 1172 et
843 1109 918 1172 elati
942 1109 1106 1190 granditas
1128 1128 1190 1170 non
1213 1109 1449 1172 obscureturiet

192 1208 321 1272 virtutis
355 1216 388 1272 et
421 1210 693 1290 magnanimitatis
727 1211 968 1274 admirationem
1002 1210 1049 1273 ita
1081 1210 1231 1284 extollet,
1253 1217 1288 1273 ut
1310 1209 1386 1272 nihil
1409 1210 1447 1273 de

193 1309 300 1373 dolore
322 1309 599 1392 misericordiaque
621 1311 797 1374 immaturae
819 1320 852 1374 et
873 1311 993 1374 acerbae
1017 1311 1127 1372 mortis
1151 1311 1334 1374 detraxerit.
1378 1313 1448 1374 Hoc

192 1409 313 1476 Seneca
345 1418 467 1475 tantum
489 1418 616 1494 tamque
638 1413 818 1493 praeclarum
841 1413 1016 1492 exemplum
1040 1431 1133 1493 quum
1155 1412 1249 1493 plane
1273 1412 1448 1492 neglexerit

184 1531 231 1584 ,ao
252 1513 407 1593 spreverit
430 1519 462 1575 et
484 1532 537 1576 ees
561 1514 686 1595 quidem
711 1533 761 1576 res
784 1533 899 1586 omnes,
922 1533 989 1595 quae
1011 1512 1143 1594 virginis
1166 1519 1273 1576 essent
1291 1531 1445 1594 personae,

192 1613 345 1688 omiserit,
378 1614 488 1676 mortis
511 1615 726 1678 tantummodo
750 1615 1013 1696 contemptionem
1036 1622 1068 1676 et
1089 1613 1209 1676 ferocia
1231 1615 1368 1676 animum
1391 1633 1447 1696 ge·

191 1714 340 1778 stieotem
372 1715 564 1796 expresserit
584 1723 678 1797 atque
701 1716 732 1778 id
755 1716 858 1798 ipsum
880 1715 1014 1778 absurde
1037 1722 1069 1777 et
1090 1733 1159 1778 oum
1182 1716 1317 1797 quedam
1340 1716 1447 1778 defor-

191 1815 302 1880 mitate
334 1815 535 1896 significarit:
568 1835 670 1880 nonne
698 1837 767 1880 eum
791 1835 852 1880 non
875 1817 968 1880 modo
992 1836 1012 1878 a
1034 1835 1117 1879 nova
1139 1815 1322 1879 inveniendi
1346 1816 1448 1879 felici-

190 1922 270 1991 tate,
301 1918 358 1980 sed
384 1917 479 1980 etiam
501 1937 522 1980 a
543 1925 653 1980 vetera
675 1918 854 1982 admirandi
873 1917 993 1998 judicio
1016 1918 1134 1980 afuisse
1156 1916 1249 1998 longe
1271 1917 1350 1982 satis
1372 1937 1447 2000 per·

190 2017 332 2098 spiceum
356 2019 426 2081 cst?

273 2119 317 2184 Et
338 2119 485 2200 quoniam
509 2119 670 2200 explicata
688 2119 754 2199 jam
781 2118 873 2182 nobis
895 2119 962 2182 haeo
984 2119 1093 2182 fabula
1115 2127 1164 2181 est
1184 2155 1225 2166 -
1246 2139 1317 2183 nam
1340 2126 1448 2184 extre·

190 2218 249 2284 mis
272 2220 417 2284 versibus
440 2220 506 2300 ejus
529 2220 636 2282 brevis
661 2221 877 2283 tantummodo
899 2221 1036 2284 Hecuba
1059 2220 1235 2284 continetur
1257 2221 1386 2304 querela
1407 2257 1447 2270 «-

189 2320 350 2385 veniamus
383 2323 423 2384 ad
457 2321 633 2400 thdram,
665 2341 759 2404 quam
792 2322 926 2386 alteram
948 2321 1037 2386 nobis
1060 2341 1337 2404 proposueramus:
1361 2323 1447 2404 cujus

190 2441 286 2504 quum
320 2430 535 2504 argumentum
558 2421 602 2485 sit
623 2423 706 2486 idem
729 2431 824 2505 atque
846 2423 1020 2505 Euripidiae
1043 2423 1108 2503 ejus
1132 2423 1253 2500 labulae,
1276 2442 1342 2504 quae
1363 2424 1447 2506 Hip-

190 2523 316 2606 polytus
339 2523 530 2599 inscribitur,
552 2524 633 2587 hanc
655 2525 789 2606 primurn
813 2525 953 2588 breviter
975 2525 1205 2587 adumbremns.

272 2625 389 2706 Incipit
410 2625 507 2706 igitur
529 2645 549 2688 a
563 2625 706 2706 prologo,
719 2644 777 2707 quo
793 2625 904 2688 Venus
918 2645 1038 2706 poenas
1050 2645 1084 2686 se
1098 2625 1139 2688 eh
1150 2625 1326 2709 Hippolyto
1339 2625 1447 2708 negati

190 2724 252 2789 sibi
285 2725 415 2789 honoris
447 2734 642 2806 sumpturam
665 2745 733 2790 esse
755 2727 915 2807 praedioit3
938 2745 974 2790 eo
997 2726 1127 2789 oonsilio
1152 2726 1318 2790 Phaedram
1339 2747 1444 2791 amore

190 2826 328 2908 privigni
358 2827 425 2907 jam
447 2827 569 2908 pridem
597 2827 827 2903 inflammasse;
849 2847 941 2909 quern
964 2834 1104 2890 amorem
1126 2845 1224 2910 usquc
1248 2829 1289 2890 ad
1310 2829 1342 2890 id
1363 2836 1445 2891 tem·

190 2947 250 3010 pue
283 2928 436 2992 occultum
459 2936 491 2992 et
513 2927 655 2992 abditum
679 2928 789 2992 foisse:
820 2929 885 3009 jam
909 2948 983 2992 vero
1007 2949 1073 2992 cum
1097 2929 1196 2992 exitio
1220 2937 1253 2992 et
1274 2929 1444 3014 Hippolyti
1482 3000 1484 3004 ,

190 3035 224 3092 et
254 3028 356 3109 ipsius
377 3030 519 3094 Phaedrae
545 3039 779 3112 prorupturum.
824 3031 907 3094 Nem
930 3050 968 3092 ne
990 3031 1133 3094 Phadrm
1155 3029 1292 3111 quidem,
1314 3030 1376 3094 etsi
1397 3031 1446 3094 ni·

190 3129 234 3192 hil
256 3149 358 3192 causae
380 3130 605 3205 intercesserit,
627 3151 682 3194 eur
706 3131 738 3194 in
762 3149 830 3194 eam
854 3131 1041 3194 nominatim
1064 3131 1264 3204 irasceretur,
1287 3150 1444 3213 casaper-

188 3230 322 3294 cituram
355 3251 456 3314 neque
479 3249 548 3294 earn
569 3233 651 3295 tanti
674 3233 789 3308 lacere,
811 3239 928 3296 utnon
951 3233 1001 3295 vel
1024 3232 1091 3312 ejus
1114 3232 1252 3314 pernicie
1273 3232 1359 3296 viam
1381 3233 1445 3298 sibi

190 3331 382 3396 communiat
408 3333 450 3396 ad
473 3332 695 3398 ulciscendum.
727 3334 878 3398 Procedit
901 3334 1014 3398 deiude
1036 3333 1231 3416 Hippolytus
1254 3333 1442 3398 famulorum

189 3439 319 3496 caterva
339 3433 490 3515 stipatus:
514 3434 579 3516 qui,
601 3434 706 3498 Diana
729 3434 866 3498 carmine
894 3435 1048 3498 honorata
1070 3433 1220 3515 signoque
1239 3434 1306 3514 ejus
1325 3453 1444 3498 *corona

187 3533 350 3616 imposita,
372 3553 466 3617 quam
488 3535 557 3616 ipse
579 3555 619 3598 ex
643 3536 790 3600 verbenis
814 3535 985 3598 connexuit
1007 3535 1073 3615 ejus
1097 3535 1193 3612 modi,
1216 3554 1292 3617 quas
1315 3555 1443 3618 carpere

188 3635 237 3700 las
270 3655 331 3698 non
366 3642 450 3700 esset
482 3636 544 3700 nisi
566 3656 645 3718 puro
669 3637 789 3700 homini
812 3645 844 3700 et
865 3643 964 3712 caeto,
987 3645 1156 3718 postquam
1179 3636 1337 3718 egregium
1359 3639 1444 3718 ejus·

188 3735 259 3802 dem
280 3736 313 3798 in
336 3755 407 3800 sese
428 3738 570 3800 levorem
593 3737 859 3810 commemoravit,
882 3737 1060 3820 quasillum
1084 3757 1178 3801 unum
1201 3737 1337 3802 omnium
1359 3757 1444 3802 mor·

187 3837 311 3911 talium,
343 3857 533 3920 quamquam
558 3839 657 3902 oculis
685 3839 849 3902 visendam
872 3857 907 3901 se
929 3857 1099 3921 numquam
1123 3838 1303 3919 prebuerit,
1325 3858 1444 3904 aermo-

188 3937 238 4002 nis
271 3946 376 4002 tamen
409 3939 594 4003 commercio
616 3959 700 4022 saepe
723 3940 879 4020 dignetur,
900 3948 1008 4004 votum
1030 3940 1070 4002 ed
1093 3948 1265 4004 extremum
1287 3939 1374 4016 lacit,
1397 3949 1442 4017 ut,

187 4039 449 4121 quemadmodum
481 4041 522 4104 ad
554 4041 634 4104 illud
666 4049 791 4123 tempus
823 4041 924 4104 vitam
955 4041 1086 4122 degerit,
1109 4041 1218 4104 eedem
1241 4041 1365 4105 ratione
1388 4060 1443 4106 eo-

188 4140 319 4222 demque
351 4141 456 4206 studio
489 4141 530 4204 ad
563 4141 680 4206 exitum
708 4143 871 4224 perducat.
914 4141 984 4214 Quo
1007 4152 1146 4226 tempore
1169 4141 1352 4224 aggreditur
1373 4161 1443 4206 eum

187 4259 286 4304 senex
307 4241 434 4326 quidam
456 4261 472 4305 e
496 4243 633 4318 famulis,
654 4251 765 4326 aperte
787 4243 1031 4325 reprehendens,
1042 4243 1126 4326 quod
1148 4243 1283 4306 Veneris
1304 4261 1444 4325 presen-

186 4341 345 4406 tissimum
379 4343 516 4407 omnium
549 4363 661 4408 numen
694 4344 1008 4426 potentissimumque
1042 4363 1104 4406 non
1132 4344 1366 4410 colat:.caveat
1387 4345 1443 4408 de-

188 4461 277 4508 orum
311 4461 499 4526 quemquam
533 4452 729 4510 contemnat:
753 4465 825 4510 narn
846 4445 1042 4508 immortales
1065 4463 1197 4527 quoque,
1218 4445 1302 4508 sicut
1322 4453 1444 4509 morta-

187 4543 244 4619 les,
277 4544 449 4610 honoratos
482 4547 628 4628 gaudere,
662 4546 821 4628 neglectos
853 4565 973 4627 poenas
1006 4553 1164 4628 expetere.
1207 4544 1299 4616 Quod
1321 4545 1374 4608 ille
1395 4545 1443 4609 ite

187 4654 383 4728 aspernatur,
416 4654 451 4710 nt
482 4647 686 4730 contemptim
719 4648 913 4730 superbeque
945 4647 1053 4713 valere
1084 4648 1180 4712 istam
1209 4646 1326 4728 jubeat·
1347 4655 1442 4710 noctu

186 4749 405 4810 tantummodo
428 4755 588 4830 potantem
612 4748 711 4812 deam.
752 4748 800 4814 At
821 4749 875 4812 ille
897 4749 1007 4813 statim
1029 4755 1062 4811 et
1083 4748 1152 4832 ipse
1174 4766 1242 4812 carn
1264 4745 1379 4811 adorat
1399 4754 1442 4824 et,

186 4855 223 4912 ut
244 4847 418 4914 temeritati
437 4849 563 4932 juvenis
585 4849 740 4932 ignoscat,
755 4857 910 4934 precatur.
