3508 5404
600 533 641 592 m
664 532 695 593 c.
718 534 817 602 seme
837 533 947 594 cenete
968 533 1140 610 magonae..
1468 535 1527 594 sce

205 793 208 797 .
353 705 437 772 Ante
472 706 573 770 omnis
600 708 668 770 cavi
691 705 807 794 (deus),
829 727 867 772 ne
888 707 955 792 quis
978 729 1031 774 ves
1053 717 1168 772 teneret
1188 706 1310 772 invitos.
1354 709 1445 772 Petet
1466 708 1534 772 exi·

271 818 330 872 tus.
364 810 435 873 Idec
458 829 497 872 ex
515 807 655 872 omnibus
678 810 765 872 rebus
787 829 862 892 qcss
884 810 969 873 vebis
992 810 1178 876 necessarias
1200 808 1290 883 volui,
1311 807 1384 872 nihii
1408 808 1465 872 ieci
1488 811 1533 873 is·

268 911 353 976 cilius
375 931 463 992 quem
487 909 570 976 moti.
614 910 652 974 D.
675 911 702 984 Ι,
723 908 754 986 6,
776 905 806 974 7.

353 1013 436 1091 Mers
458 1011 566 1094 ubique
588 1020 738 1092 superest.
780 1011 819 1074 N.
842 1010 881 1084 Q.
904 1011 946 1087 V,
970 1009 1020 1087 18,
1040 1010 1069 1076 9.

354 1115 470 1178 Patent
502 1113 631 1194 undique
664 1112 702 1174 ed
735 1111 906 1177 libertatem
942 1112 999 1175 viae
1029 1113 1131 1178 multae
1154 1113 1269 1189 breves,
1289 1111 1403 1178 iecilec.
1445 1113 1531 1196 Age-

272 1233 338 1276 mus
361 1214 417 1275 deo
438 1214 563 1295 gratias,
587 1213 665 1295 quod
688 1232 776 1276 nemo
798 1213 828 1276 in
851 1213 916 1276 vite
937 1213 1035 1278 teneri
1056 1224 1169 1295 potest.
1212 1215 1269 1296 Ep.
1294 1214 1342 1287 12,
1366 1214 1415 1278 10.

353 1312 414 1385 Qui
447 1315 522 1378 meri
554 1314 669 1389 didicit,
701 1314 813 1376 servire
846 1314 1000 1378 dedidicit.
1022 1351 1064 1362 -
1085 1316 1156 1380 Une
1177 1325 1223 1378 cst
1244 1325 1363 1391 catena,
1384 1335 1451 1397 quse
1472 1336 1526 1379 nos

266 1416 416 1497 adligatos
436 1425 531 1489 tenet,
553 1434 638 1478 emor
658 1415 738 1478 vitae.
781 1417 837 1497 Ep.
859 1414 910 1492 26,
934 1416 981 1478 10.

356 1517 498 1580 Excessit
529 1515 608 1579 filice
637 1525 707 1580 tuus
739 1516 895 1588 terminos,
915 1517 996 1579 intre
1018 1536 1094 1600 quos
1116 1517 1258 1581 servitur.
1300 1517 1430 1601 Excepit
1449 1519 1533 1582 iilum

271 1637 378 1698 magne
399 1627 431 1682 ct
452 1627 569 1680 aeterns
589 1635 660 1698 psx.
703 1618 741 1680 D.
764 1617 821 1690 VI,
846 1617 893 1691 19,
914 1616 943 1680 6.

352 1720 388 1782 In
412 1717 469 1782 hcc
484 1727 550 1782 tsm
572 1717 739 1799 procelloso
762 1719 843 1782 etin
868 1739 972 1782 omnes
998 1727 1195 1800 tempestates
1218 1721 1357 1803 exposite
1380 1720 1454 1783 uisci
1475 1741 1533 1784 ne-

269 1819 442 1902 vigcntibus
465 1820 564 1884 nulius
587 1827 692 1900 portus
714 1819 772 1882 nisi
796 1819 910 1882 mortis.
953 1820 992 1883 D.
1014 1820 1075 1892 XI,
1098 1819 1127 1893 9,
1148 1817 1177 1886 7.

352 1923 436 1984 Mors
458 1921 603 2004 optimum
626 1919 782 1984 inventum
807 1929 933 1984 nsturae.
976 1922 1015 1984 D.
1038 1923 1096 1998 VI,
1113 1916 1169 1998 '20,
1193 1923 1220 1987 1.

852 2057 953 2068 ιι-ι-ι-ιο

510 2190 575 2248 Non
597 2192 639 2246 eet
660 2190 693 2245 ut
715 2192 799 2260 putas
821 2190 910 2246 virtus
932 2193 1015 2261 peter

512 2277 621 2333 Timere
643 2276 743 2343 vitem,
766 2277 812 2332 sed
836 2277 918 2332 malis
940 2277 1101 2350 ingentibus

509 2365 628 2422 Obstere
650 2379 702 2418 nec
724 2381 751 2418 se
773 2366 882 2420 vertere
904 2381 937 2419 ec
959 2365 1131 2421 retrodare.

507 2452 627 2508 Resistet
650 2449 739 2507 tentis
760 2451 791 2505 in
812 2451 894 2506 maiis
916 2450 991 2506 vinci
1013 2450 1084 2507 mori
1105 2453 1157 2508 est.

1039 2539 1101 2594 OEd.
1124 2539 1170 2594 Dr.
1197 2539 1332 2597 190-3.

352 2662 398 2725 At
419 2659 450 2723 in
478 2667 635 2741 utrumque
658 2657 796 2722 menendi
819 2677 855 2722 cc
884 2649 1023 2722 firmandi
1044 2679 1158 2736 eumue,
1180 2661 1212 2724 et
1233 2680 1270 2724 ne
1291 2659 1378 2724 nimis
1400 2679 1533 2723 ememus

270 2764 363 2826 vitem
403 2771 435 2825 et
466 2781 505 2822 ne
527 2759 616 2823 nimis
638 2759 798 2824 oderimus.
822 2793 860 2806 -
887 2759 944 2822 Vir
967 2760 1053 2824 fortis
1075 2780 1111 2824 cc
1133 2761 1254 2842 sepiens
1277 2783 1335 2826 non
1358 2763 1458 2842 fugere
1480 2763 1534 2824 dc-

268 2867 359 2930 bete
381 2863 456 2938 vite,
477 2862 530 2924 sed
553 2861 642 2924 exire.
685 2861 742 2942 Ep.
764 2861 816 2935 24,
838 2861 973 2926 24-25.
1038 2932 1040 2936 ,

356 2966 425 3029 Non
459 2964 593 3027 adferent
627 2961 703 3025 mihi
736 2981 841 3026 manus
874 2972 997 3044 propter
1028 2962 1174 3027 dolerem:
1207 2964 1252 3030 sic
1277 2965 1351 3030 mori
1375 2964 1453 3030 vinci
1476 2974 1532 3029 est.

272 3069 331 3149 Ep.
354 3065 405 3142 58,
426 3063 476 3128 36.

511 3335 564 3404 Qui
586 3337 675 3392 morte
697 3337 811 3391 cunctos
832 3335 909 3392 luere
932 3333 1100 3406 supplicium
1120 3335 1202 3407 jubet

512 3423 609 3479 Nescit
630 3424 767 3492 tyrannus
790 3439 855 3478 esse.
901 3421 1016 3477 Diversa
1038 3421 1146 3494 irroga:

511 3510 643 3565 Miserum
665 3511 730 3566 vete.
752 3509 852 3579 perire,
875 3509 985 3564 felicem
1004 3509 1081 3582 jube.

1057 3595 1093 3650 Η.
1117 3595 1148 3650 Ρ.
1174 3596 1332 3652 515-17.

512 3717 553 3773 De
576 3717 630 3774 fine
652 3733 748 3787 poence
770 3717 905 3787 loqueris:
928 3733 980 3789 ego
1002 3733 1123 3787 poensm
1145 3715 1217 3773 volo.

515 3803 641 3860 Perimat
662 3807 800 3875 tyrannus
822 3804 905 3860 lenis:
929 3803 959 3860 in
980 3820 1067 3876 regno
1090 3820 1152 3859 meo

512 3891 586 3948 More
607 3891 784 3962 impetretur.

1065 3975 1139 4046 Thy.
1163 3975 1322 4032 246-48.

511 4096 540 4152 Si
562 4097 604 4154 vis
625 4097 708 4153 Ulixe
729 4112 828 4169 cogere
850 4095 1076 4152 Andromacham
1098 4099 1184 4163 metu,

513 4183 611 4241 Vitem
633 4185 754 4240 minere:
777 4201 844 4239 nem
866 4183 938 4238 mori
960 4186 1057 4239 votum
1079 4186 1121 4240 est
1142 4181 1222 4238 mihi.

1065 4269 1130 4326 Tro.
1157 4267 1315 4326 585-86.

393 4391 487 4448 Iason.
511 4391 625 4458 Infesta,
648 4393 751 4447 memet
773 4389 891 4460 perime!
936 4389 1045 4446 Medea.
1088 4388 1321 4531 Miserpri2jubee

1073 4477 1146 4533 Med
1192 4477 1264 4532 06.

369 4599 488 4656 Electra.
511 4597 635 4654 Concede
657 4602 785 4656 mortem.
830 4599 984 4672 AEpietdus.
1001 4597 1030 4654 Si
1051 4613 1200 4660 recusares,
1224 4596 1328 4650 darem.

513 4685 600 4740 Rudis
622 4686 664 4740 est
685 4688 824 4758 tyrannus
846 4689 937 4742 morte
960 4685 1009 4756 qui
1031 4701 1161 4826 poppem1
1173 4681 1293 4824 exigit.4

1093 4789 1121 4843 g.
1168 4771 1206 4826 05
1234 4799 1268 4808 —
1298 4809 1305 4823 .
