3554 5406
551 513 592 568 na
613 513 645 568 n.
667 511 767 570 Amet
787 511 898 568 anam
918 509 1090 584 tragoedra.
1409 514 1449 570 av

196 685 388 770 magnitudo,
406 683 613 768 jurisjurandi
636 683 770 766 deniqne
791 683 865 747 fidei
892 684 1029 748 Phaedra
1051 682 1221 765 opponitur
1246 691 1278 746 et
1300 703 1451 750 accusans

197 798 230 854 et
262 796 396 852 mortua.
440 789 519 850 Tum
554 785 650 850 miser
681 785 761 848 nihil
793 803 827 848 se
859 785 1011 868 profluere
1045 785 1177 848 diceudo
1200 783 1451 868 intelligerent

197 898 301 955 autem
324 897 447 970 patrem
479 887 526 951 rei
549 887 696 951 veritatis
718 886 818 949 faciat
838 887 1016 962 certiorem,
1037 885 1187 967 impediri
1209 905 1243 948 se
1265 895 1353 950 ratus
1376 888 1451 952 dato

197 991 314 1055 nutrici
342 988 561 1071 jurejurando,
587 995 774 1070 conquestus
807 989 918 1050 acerbe
941 1007 1032 1082 quum
1055 987 1210 1050 acetaria
1233 987 1282 1051 dis
1305 989 1451 1052 omnibus

197 1113 231 1156 se
254 1111 323 1155 asse
357 1092 514 1154 desertum
537 1097 603 1153 tum
626 1109 665 1152 ue
687 1088 824 1152 Dianam
846 1087 973 1171 quidem
996 1095 1087 1151 tanta
1108 1088 1228 1170 pietate
1251 1088 1367 1153 cultam
1389 1091 1452 1154 cir-

198 1199 363 1257 cumvento
386 1191 446 1254 sibi
470 1198 503 1254 et
524 1190 660 1254 infamia
681 1189 829 1270 flagranti
853 1209 1043 1264 succurrere,
1064 1189 1451 1271 valerepatriamterram

195 1295 287 1377 jubet
308 1302 341 1356 et
360 1294 393 1356 iu
417 1292 562 1356 exsilium
586 1291 757 1356 comitante
780 1291 947 1373 aequalium
969 1290 1062 1354 turha
1082 1290 1300 1373 proficiscitur.

280 1393 328 1458 Aa
359 1413 421 1457 non
443 1393 541 1456 irrita
563 1392 744 1456 ceciderant
764 1393 879 1455 Thesei
902 1411 1019 1474 preces.
1061 1391 1156 1455 Brevi
1179 1392 1262 1455 enim
1283 1392 1452 1456 intervallo

198 1497 341 1560 adfertur
373 1494 513 1569 nuntius,
546 1495 618 1558 dum
651 1492 804 1557 excedens
826 1492 934 1574 patria
956 1491 1151 1576 Hippolytus
1173 1493 1206 1556 iu
1228 1493 1336 1558 littore
1359 1513 1451 1558 curru

197 1598 373 1671 veheretur,
405 1595 587 1677 Neptunum
608 1614 625 1657 e
646 1599 744 1676 ponto
766 1594 934 1656 immanem
957 1594 1082 1657 beluam
1106 1594 1264 1671 emisisse3
1287 1595 1372 1675 cujus
1392 1615 1453 1660 uu-

198 1700 289 1782 diqne
334 1697 524 1760 incursantis
559 1703 688 1778 aspectu
722 1695 912 1758 conterritos
953 1713 1050 1778 equos
1083 1713 1145 1758 nou
1178 1696 1265 1772 voci,
1297 1715 1361 1759 uon
1393 1698 1453 1760 ha·

197 1800 287 1863 benis
320 1797 439 1862 domini
471 1797 625 1880 paruisse,
658 1816 731 1860 mox
752 1815 919 1860 excussum
943 1815 960 1859 a
982 1815 1075 1860 curru
1096 1795 1235 1880 lorisque
1257 1795 1452 1880 implicatum

197 1921 255 1983 per
286 1919 365 1964 saxa
397 1906 584 1982 truncosque
618 1917 688 1960 cum
714 1897 898 1961 foedissima
920 1897 1062 1978 corporis
1084 1896 1277 1962 laceratione
1297 1900 1453 1976 traxisse;

198 2002 316 2066 adferri
348 2009 421 2063 tunc
453 2000 565 2064 lectica
597 1999 714 2080 vixque
738 1998 906 2062 etiamnum
927 2006 1054 2062 tenuem
1075 2000 1174 2062 vitam
1196 2017 1298 2080 agere.
1351 1999 1452 2071 Quem

199 2123 291 2186 quum
314 2103 463 2176 Theseus,
486 2109 522 2164 ut
544 2121 584 2164 ex
605 2099 792 2163 moribundo
815 2100 927 2162 saltem
951 2100 1107 2164 confessio
1123 2100 1250 2163 sceleris
1265 2109 1454 2184 extorquea-

197 2211 262 2279 tur,
295 2201 412 2266 adferri
446 2221 552 2266 coram
581 2201 684 2283 jubet,
716 2200 821 2264 subito
846 2200 977 2282 delapsa
999 2220 1039 2263 ex
1061 2201 1147 2264 coelo
1170 2202 1285 2278 Diana,
1307 2223 1398 2287 quem
1421 2202 1454 2266 in

199 2324 336 2369 errorem
368 2303 526 2378 inciderit,
548 2304 706 2385 totiusque
738 2302 857 2384 negotii
886 2302 1027 2367 ordinem
1051 2301 1183 2385 exponit
1204 2322 1267 2366 non
1290 2304 1357 2367 sine
1379 2323 1454 2384 gra-

198 2406 329 2470 vissima
349 2404 540 2468 temeritatis
563 2405 631 2485 ejus
654 2411 687 2466 et
707 2403 879 2467 iracundia
909 2403 1126 2485 castigatione.
1170 2405 1251 2466 Tum
1272 2423 1348 2468 vero
1370 2405 1455 2487 Hip-

199 2508 341 2591 polytum
363 2507 464 2588 ipsum
487 2506 519 2568 iu
543 2513 745 2587 conspectum
767 2504 899 2568 allatum
920 2503 1122 2587 iniquitatem
1144 2506 1279 2568 fatorum
1303 2525 1455 2569 accusau-

198 2619 263 2672 tem
288 2616 409 2672 etcum
433 2626 542 2687 magno
565 2605 666 2688 ipsius
689 2625 811 2689 quoque
833 2606 950 2686 gemitu
974 2606 1129 2668 dolentem
1151 2606 1307 2669 sublatum
1330 2607 1363 2670 in
1380 2625 1455 2690 per-

198 2717 327 2793 petuum
360 2727 428 2772 esse
461 2707 677 2772 dulcissimum
710 2707 791 2770 illud
818 2706 957 2770 venandi
980 2706 1172 2770 consortium
1192 2727 1248 2790 spe
1271 2708 1400 2772 ultionis
1423 2715 1455 2772 et

198 2817 323 2876 aeterum
345 2816 574 2892 postmortem
598 2808 756 2875 memoriae
778 2807 961 2870 consolatur
982 2807 1199 2890 hortaturque,
1222 2816 1257 2873 ut
1278 2829 1347 2873 cum
1361 2816 1454 2892 patra
1544 2823 1548 2830 '

199 2931 314 2986 errore,
347 2930 409 2974 aon
441 2909 558 2974 scelera
590 2909 682 2991 lapso
715 2908 749 2972 iu
782 2909 918 2991 gratiam
951 2908 1070 2972 redeat.
1112 2909 1219 2993 Atque
1251 2909 1307 2973 illa
1329 2911 1454 2994 quidem

200 3014 232 3077 in
254 3012 375 3076 coelum
398 3011 491 3087 redit,
513 3032 552 3075 ne
574 3017 706 3093 aspectu
729 3017 761 3074 et
783 3009 925 3074 anhelitu
947 3010 1112 3073 morientis
1134 3011 1305 3093 polluatur:
1328 3012 1456 3094 Hippo-

200 3114 283 3198 lytus
316 3122 439 3196 patrem
471 3111 597 3196 piaculo
621 3112 716 3176 cadis
739 3110 892 3176 exsolvit:
915 3111 984 3192 ipse
1007 3111 1039 3175 in
1061 3111 1132 3176 sinu
1155 3112 1366 3196 amplexuque
1389 3113 1455 3195 ejus

198 3215 283 3279 luctu
304 3214 433 3280 furentis
455 3215 635 3298 frustraque
658 3213 814 3277 invitam
837 3211 1016 3277 revocantis
1039 3207 1261 3296 exstinguitur.

281 3317 331 3380 De
363 3315 518 3400 Euripide
551 3317 718 3380 hacteuus:
750 3333 831 3378 nnuc
864 3315 902 3378 de
935 3313 1057 3380 Seneca
1078 3315 1257 3392 videamua3
1279 3313 1367 3394 cujus
1388 3313 1456 3378 hac

201 3425 250 3482 est
269 3417 374 3501 prima
395 3416 574 3480 immutatio
596 3436 695 3499 neque
718 3435 757 3479 ea
778 3416 820 3478 ad
842 3415 1007 3497 utriusque
1030 3415 1144 3480 fabula
1167 3415 1455 3480 dissimilitudinem

200 3518 440 3602 significandam
474 3518 562 3594 levis,
595 3519 680 3600 qnod
711 3536 774 3581 nou
805 3516 977 3600 Hippolyti
999 3534 1125 3592 nomen,
1147 3517 1204 3580 sed
1224 3517 1367 3581 Phaedrae
1387 3525 1456 3580 tra-

200 3620 318 3702 goediae
350 3619 532 3702 preposuit.
576 3621 655 3682 Tum
687 3617 834 3701 prologus
856 3618 977 3693 nullus;
998 3616 1144 3683 nimirum
1166 3619 1206 3681 ob
1228 3635 1297 3682 eam
1320 3637 1456 3696 caueam,

201 3723 285 3806 quod
307 3721 388 3784 nihll
411 3720 535 3784 omnino
558 3720 610 3784 hic
631 3719 730 3783 hahet
752 3717 871 3801 negotii
893 3721 1013 3784 Venus.

283 3823 422 3888 Primum
453 3821 550 3904 igitur
571 3820 766 3905 Hippolytus
787 3820 957 3896 inducitur,
979 3839 1051 3896 non,
1073 3827 1108 3886 nt
1128 3837 1221 3903 quem
1243 3840 1344 3903 nuper
1364 3821 1457 3885 audi·

200 3924 316 4000 vimus,
347 3923 486 3987 Dianam
520 3922 603 3984 votis
626 3922 867 4004 muneribusque
888 3922 1059 3999 honorans,
1081 3922 1136 3985 sad
1158 3921 1193 3985 iu
1215 3923 1309 3986 rebus
1330 3922 1457 3986 venati·-

202 4025 247 4088 ais
269 4023 454 4089 ordinandis
476 4024 647 4105 prudenter
668 4041 801 4087 versans
824 4031 856 4086 at
877 4022 1033 4104 guaviter.
1077 4021 1154 4096 Qua
1176 4024 1332 4106 ingressio
1354 4024 1456 4088 tribus

202 4127 267 4190 fere
300 4126 444 4208 partibus
477 4125 671 4202 continetur;
693 4143 826 4209 quarum
848 4143 912 4187 una
933 4124 1032 4188 babet
1053 4124 1297 4206 descriptionem
1319 4125 1456 4188 locorum

201 4228 433 4310 regionumque,
464 4246 544 4309 quas
576 4227 721 4292 venando
751 4225 946 4308 Hippolytus
968 4225 1162 4308 peragrabit,
1184 4226 1286 4290 altera
1307 4245 1383 4290 vero
1406 4225 1457 4289 di·

201 4329 286 4394 versi
317 4328 447 4392 habitus
479 4347 590 4392 cauum
612 4328 839 4409 exprimuntur,
860 4325 959 4392 tertia
980 4326 1101 4391 demum
1124 4327 1158 4390 iu
1177 4327 1289 4390 Dianae
1311 4333 1457 4392 versatur

201 4429 360 4504 laudibus,
382 4448 451 4511 quae
472 4429 501 4493 si
522 4429 712 4493 venantibus
733 4427 861 4510 placido
883 4427 1012 4491 numine
1035 4428 1172 4504 affuerit,
1193 4427 1332 4510 praedam
1355 4447 1389 4490 se
1404 4445 1457 4491 re·

200 4538 402 4614 portaturum
435 4529 652 4613 plenissimam
675 4535 792 4612 sperat.
834 4529 947 4594 Placet
976 4529 1029 4593 hic
1050 4529 1136 4594 locus
1158 4529 1289 4595 mirifice
1310 4527 1456 4606 Kleinio;

202 4633 255 4715 qui
288 4651 357 4696 eum
390 4630 604 4696 dulcissimam
637 4629 796 4713 quandam
828 4629 1024 4696 venatoriam
1057 4631 1255 4696 alacritatem
1289 4637 1321 4694 et
1346 4630 1454 4694 nescio

202 4733 277 4816 quid
308 4733 446 4817 priscum
478 4741 509 4797 et
541 4729 761 4797 Germanicum
793 4749 909 4796 sonare
941 4749 980 4795 ac
1011 4751 1076 4815 praa
1108 4752 1142 4794 se
1174 4733 1256 4796 ferre
1283 4731 1455 4796 contendit.
