3554 5406
545 523 586 580 De
607 523 639 580 1..
662 523 761 584 Annei
782 523 892 582 Soneoae
912 523 1084 598 Tragoediie.
1408 529 1448 584 te

271 694 425 760 Hercules
458 715 555 779 quum
588 695 629 760 ad
657 695 775 760 interos
797 695 969 762 (ierhernm
992 696 1139 781 rapiendi
1161 713 1256 782 censa
1278 699 1450 776 descendit,

188 797 273 879 apud
296 796 463 861 Creontem
485 817 637 872 socerum,
660 797 712 881 qni
735 815 772 860 eo
794 806 937 880 tempore
961 798 1079 862 Thebis
1101 797 1263 879 regnabat,
1286 801 1449 882 Megaram

189 899 351 979 conjugem
373 917 441 962 cum
465 897 540 962 hliis
564 905 597 962 et
617 898 884 984 Amphitryonem
907 911 1069 982 parentem
1089 900 1271 982 reliquerat.
1304 899 1450 966 Absente

187 1019 265 1064 uero
296 999 351 1064 illo
372 1000 478 1082 Lycus
500 999 609 1064 humili
632 999 702 1064 loco
725 1010 818 1064 natue
840 1020 897 1083 per
919 1001 1130 1064 dissensiones
1153 1000 1374 1066 Thebanorum
1399 1023 1450 1066 re·

187 1119 280 1184 gnum
315 1101 453 1176 invadit,
481 1101 649 1165 Creontem
671 1100 816 1185 filiosque
839 1102 906 1183 ejus
929 1102 1092 1166 interficit:
1115 1110 1181 1166 tum
1205 1102 1298 1165 novis
1320 1103 1450 1167 sceleri-

188 1203 248 1266 hne
280 1202 502 1283 impunitatem
533 1203 671 1284 priorum
694 1221 837 1285 quaerens
864 1214 982 1267 cunctae
1004 1203 1166 1267 Herculem
1190 1204 1301 1266 domus
1324 1205 1448 1268 ruinam

187 1311 289 1386 paret
337 1303 408 1378 Quo
441 1302 490 1365 illi
518 1311 603 1367 metu
625 1303 788 1386 perterriti
810 1305 851 1366 ad
874 1305 1000 1368 deornm
1023 1305 1155 1368 tutelam
1178 1305 1376 1386 confugiunt3
1398 1327 1450 1370 se·

188 1406 264 1468 dent
284 1423 371 1470 aram
394 1404 568 1486 conplexi,
584 1423 681 1468 senex
701 1404 918 1490 Amphitryon
941 1425 1009 1469 com
1031 1425 1111 1470 nuro
1134 1413 1166 1470 et
1187 1406 1331 1488 parvulis
1349 1427 1449 1490 nepo·

187 1505 285 1580 tibus,
307 1504 466 1570 imbecilla
488 1525 525 1568 ac
547 1504 736 1570 miserabilis
765 1506 869 1569 turba.
912 1507 986 1571 Jam
1009 1507 1126 1571 multoe
1150 1507 1218 1570 dies
1241 1507 1447 1589 asperitatem

187 1608 266 1672 coeli
300 1606 502 1688 omniumque
531 1625 633 1670 rernm
656 1606 797 1689 inopiam
820 1606 972 1684 tolerant;
994 1629 1054 1672 non
1077 1609 1109 1672 in
1131 1609 1206 1690 fuga
1227 1627 1310 1691 spes,
1331 1627 1392 1673 nnn
1415 1609 1449 1673 in

187 1709 350 1792 precibns3
382 1715 484 1788 terret
514 1718 636 1772 armeta
665 1709 820 1784 custodia,
855 1716 956 1774 terret
977 1711 1071 1774 durus
1101 1709 1184 1792 regis
1207 1719 1239 1774 et
1260 1709 1448 1774 inhumanae

188 1810 319 1876 animus.
356 1807 407 1873 Ao
428 1811 561 1890 Megara
583 1809 709 1892 quidem
732 1810 930 1878 moriendum
954 1811 1203 1894 quamprimum
1228 1818 1350 1887 censet3
1372 1831 1449 1875 con-

188 1919 241 1976 tra
272 1910 487 1994 Amphitryon
519 1911 729 1975 cunctandum
752 1911 944 1987 etiamnunc,
967 1913 995 1976 si
1018 1931 1083 1995 que
1104 1913 1187 1976 forte
1210 1931 1251 1976 ex
1272 1911 1448 1995 improviso

187 2012 272 2078 eolus
295 2012 495 2076 ostendetur:
519 2031 611 2094 quum
634 2011 724 2094 pueri
746 2012 880 2086 interea,
903 2013 1039 2078 feliciter
1060 2032 1163 2076 rerum
1185 2013 1302 2094 ignari,
1322 2021 1448 2096 petrem

186 2112 358 2178 identidem
390 2112 565 2196 appellant,
598 2122 731 2195 patrem,
764 2113 911 2196 quicquid
945 2114 1166 2196 increpuerunt
1198 2115 1294 2190 fores,
1328 2115 1447 2178 redium

186 2215 330 2281 credunt.

269 2317 343 2382 Janr
377 2317 482 2400 Lycus
507 2315 576 2397 ipse
599 2314 772 2378 indnoitnr:
796 2315 847 2398 qni
870 2314 1044 2378 insolenter
1066 2315 1212 2391 miratus,
1235 2335 1297 2398 qna
1318 2316 1448 2380 tandem

187 2438 243 2508 spe
276 2417 310 2482 in
345 2418 414 2480 vita
447 2425 620 2492 morentur,
652 2425 718 2479 tum
741 2416 887 2482 Herculis
910 2416 1072 2492 virtutem,
1095 2435 1158 2499 qua
1179 2437 1241 2480 nnn
1264 2417 1375 2480 contisi
1397 2419 1448 2481 vi-

189 2519 312 2594 dentur,
345 2517 485 2600 maligna
518 2518 662 2582 oratione
697 2518 874 2582 detrectare
902 2526 1044 2594 conatus,
1065 2519 1119 2582 nbi
1152 2519 1193 2580 ab
1214 2517 1448 2603 Amphitryone

186 2639 255 2686 oum
289 2621 391 2684 multe
422 2617 597 2684 acerbitate
630 2619 787 2683 refutatus
820 2629 877 2694 est,
907 2639 1005 2702 nsque
1027 2621 1106 2682 adeo
1129 2619 1179 2682 ira
1199 2619 1391 2695 incenditur,
1413 2629 1451 2685 ut

186 2721 294 2786 allatis
316 2721 411 2803 lignis
433 2721 524 2784 vivos
546 2720 705 2802 supplices
728 2719 869 2784 comburi
888 2720 1009 2801 jubeat.
1047 2721 1126 2783 Tum
1149 2739 1225 2784 vero
1243 2730 1316 2803 post
1329 2722 1449 2785 disces-

186 2843 254 2888 sum
279 2822 346 2904 ejus
369 2843 408 2888 ne
429 2821 646 2908 Amphitryon
677 2821 802 2903 quidem
825 2830 961 2898 recuset,
984 2821 1060 2905 quin
1082 2822 1273 2885 exstinctam
1292 2823 1358 2903 jem
1382 2843 1449 2886 om-

187 2945 257 2988 nem
289 2943 377 3006 spem
412 2941 482 2987 esse
515 2923 681 3000 concedet;
708 2922 849 2988 incendit
871 2924 999 3006 insuper
1020 2925 1163 3005 Megara,
1186 2925 1279 2986 modo
1301 2925 1448 2988 Herculis

186 3025 309 3101 laudes,
343 3025 436 3090 modo
459 3023 560 3107 ipsius
583 3043 759 3090 memorem
781 3027 985 3107 hortansque,
1007 3032 1053 3100 nt,
1076 3031 1192 3106 perata
1214 3024 1300 3089 facili
1324 3034 1356 3088 et
1378 3045 1447 3090 cnm

186 3127 289 3208 gloria
321 3135 432 3202 morte,
466 3145 505 3190 ne
538 3126 685 3189 miseram
719 3126 829 3208 potins
862 3134 956 3209 atque
982 3126 1135 3189 infamem
1159 3134 1352 3208 exspectent.
1395 3129 1449 3192 Ita

185 3231 282 3313 Lyco.
305 3247 399 3312 quum
421 3227 536 3291 iterum
558 3226 655 3304 venit,
681 3228 761 3292 mori
790 3238 920 3312 paratos
943 3247 977 3292 se
1000 3247 1070 3290 esse
1093 3228 1276 3303 ostendunt3
1298 3247 1367 3290 eam
1391 3248 1447 3293 ex·

188 3336 322 3393 tremam
346 3328 474 3392 veniam
497 3335 619 3410 petunt,
641 3337 686 3404 ut,
707 3329 891 3412 prinsquam
914 3347 1022 3392 omnes
1045 3330 1318 3404 unaoccumbeut‚
1331 3349 1447 3412 pueros

185 3431 248 3495 sibi
270 3430 364 3494 liceat
391 3421 624 3517 tunebrigcoltu
648 3449 769 3496 ornare.
813 3433 1006 3513 Impetrant3
1029 3429 1165 3492 discedit
1185 3431 1308 3513 Lycns3
1328 3429 1446 3512 produ·

186 3539 298 3596 cuntur
329 3530 420 3614 pueri
454 3530 552 3594 atrati
585 3530 739 3614 vittisque
770 3532 970 3596 victimarum
994 3549 1079 3594 more
1101 3530 1255 3607 redimiti3
1278 3551 1355 3614 quos
1377 3533 1447 3596 Me-

185 3651 264 3715 gara
286 3631 425 3698 lacrimis
447 3632 640 3714 pertundens
663 3632 773 3697 inanes
795 3633 941 3697 Herculis
963 3651 1102 3715 suasque
1116 3631 1325 3714 cogitationes
1341 3634 1447 3698 revol-

185 3735 244 3807 vit,
267 3753 361 3816 quurn
384 3732 438 3797 ille
460 3734 595 3797 honores
616 3733 658 3798 iis
681 3742 714 3798 et
735 3754 841 3816 regna,
864 3734 937 3816 ipsa
959 3734 1125 3814 conjugum
1149 3733 1349 3798 nobilitatem
1365 3755 1447 3817 nup-

184 3835 364 3918 tiarumque
397 3835 514 3916 gaudie
547 3834 733 3900 destinaret.
776 3837 851 3901 Jam
875 3837 959 3900 omni
981 3835 1086 3898 salute
1108 3835 1278 3915 desperata
1299 3836 1445 3900 Herculis

186 3937 327 4000 umbram
361 3936 403 4000 ad
437 3935 592 4000 auxilium
626 3935 793 4020 implorat3
811 3937 878 4017 jam
901 3935 1115 4018 Amphitryon
1139 3954 1261 4018 qnoque
1284 3943 1445 4002 catervam

185 4045 362 4102 extremum
394 4037 473 4100 illud
495 4036 661 4100 adlocutus
683 4049 747 4102 est:
777 4058 869 4121 quum
890 4038 998 4102 enbito
1021 4035 1190 4100 Herculem
1211 4036 1312 4117 ipsum
1335 4037 1446 4102 vident

185 4140 499 4222 appropinquantem.
543 4139 681 4219 Stupent
712 4140 815 4223 primo
849 4147 881 4204 et
902 4139 958 4202 vix
980 4137 1077 4202 oculis
1100 4137 1245 4215 credunt;
1268 4159 1340 4202 mox
1361 4139 1445 4202 laeti·

185 4241 232 4304 tia
253 4239 449 4304 exsultantes
471 4239 618 4304 certatim
640 4240 797 4306 salutant:
813 4237 980 4326 puerorum
993 4245 1140 4304 ornatum
1153 4238 1332 4316 mirantem,
1344 4259 1444 4322 quan-

184 4350 252 4406 tum
274 4341 446 4424 periculum
468 4340 618 4415 adierint,
639 4362 699 4424 quo
721 4341 755 4407 in
777 4350 936 4407 statores
958 4342 1034 4416 sint,
1055 4339 1197 4403 breviter
1218 4341 1341 4405 docent.
1383 4342 1443 4406 Ille

184 4442 297 4508 statim
330 4442 371 4506 ad
403 4442 520 4506 cedem
553 4444 682 4525 tyranni
715 4464 807 4508 ruens
840 4444 1023 4508 admonitus
1046 4459 1066 4504 a
1086 4448 1189 4522 petre,
1209 4461 1248 4504 ne
1271 4463 1350 4506 unus
1373 4461 1441 4506 cum

184 4544 292 4610 multia
325 4551 445 4608 temere
476 4559 611 4625 pugnem
645 4545 831 4621 committat,
859 4546 944 4612 intus
966 4542 1074 4628 potius
1097 4550 1264 4624 exceptum
1285 4544 1387 4608 solnm
1411 4551 1443 4607 et

184 4644 415 4727 imprudentem
448 4645 618 4727 opprimat,
651 4647 776 4712 domum
810 4668 878 4712 cnm
905 4667 1003 4712 uxore
1025 4649 1058 4706 et
1078 4642 1188 4708 liberis
1210 4642 1323 4707 intret:
1345 4663 1442 4726 quum

183 4745 217 4810 hi
248 4753 380 4831 propter
412 4754 569 4810 recentem
597 4755 751 4812 terrorem
783 4751 880 4814 semel
902 4744 1158 4831 comprehensum
1179 4744 1297 4809 lacinio
1317 4752 1441 4830 patrem
