3554 5406
276 513 295 572 4
769 517 800 576 0.
824 519 856 576 Ε.
879 518 1051 576 Saudsbrdm.
1082 553 1085 560 Δ

276 689 402 751 fatebor
434 697 543 772 aperte
575 697 744 774 pertesum
767 709 817 754 me
839 689 953 754 harum
974 689 1102 756 Seneca
1123 691 1358 774 tragoediarum
1380 709 1537 756 nonnum·

277 807 370 870 quam
395 810 463 853 esse
485 793 702 868 vehementem
725 790 837 856 Graeca
858 799 965 856 autem
986 794 1164 875 tragoedia,
1186 791 1221 858 u't
1234 812 1294 876 par
1308 799 1367 868 est,
1383 794 1535 858 delectari

278 890 425 967 miridce;
459 913 557 975 eoque
581 911 650 956 esse
673 894 802 968 factum,
824 899 860 955 ut
881 893 1032 958 libentius
1054 894 1253 977 crebriusque
1277 894 1316 958 ab
1339 894 1390 958 his
1412 895 1537 959 Seneca

277 989 424 1055 sordibus
445 995 645 1076 tenebrisque
667 994 844 1058 orationem
869 995 911 1058 ad
933 995 1114 1060 Graecorum
1136 995 1236 1060 lucem
1259 995 1537 1078 praestantiamque

211 1101 214 1112 ·
278 1093 491 1171 deflecterem
519 1096 551 1157 iu
576 1113 636 1178 quo
658 1093 686 1157 ai
709 1095 786 1178 quid
808 1103 946 1159 erratum
969 1101 1028 1169 est,
1049 1097 1174 1160 veniam
1195 1096 1328 1159 habebit
1349 1095 1537 1172 faciliorem,

278 1194 304 1256 si
328 1229 365 1240 -
389 1193 422 1256 id
455 1196 536 1277 quod
569 1195 657 1258 volui
679 1196 806 1277 quidem
829 1203 914 1260 certe
936 1231 977 1244 -
1000 1196 1072 1261 dum
1095 1217 1165 1260 meo
1187 1197 1318 1260 fastidio
1341 1197 1460 1260 mederi
1483 1217 1537 1260 oo·

278 1313 346 1366 ucr,
378 1314 483 1359 eorum
516 1315 637 1378 quoque
663 1297 715 1378 qui
739 1296 844 1378 legent
865 1297 1009 1360 satietati
1032 1298 1212 1379 providero.
1255 1299 1339 1361 Nam
1362 1297 1441 1360 illud
1464 1298 1537 1380 qui·

279 1397 347 1456 dem
380 1415 441 1460 non
466 1397 512 1460 ita
540 1417 615 1461 sane
636 1415 760 1473 vereor,
782 1417 821 1460 ne
843 1405 899 1462 aut
920 1398 1014 1462 nimis
1037 1398 1191 1462 extulisse
1215 1396 1340 1462 Graecos
1363 1405 1421 1461 aut
1443 1398 1537 1462 nimis

278 1497 472 1577 depressisse
504 1499 654 1564 Senecam
687 1499 787 1562 dicar:
816 1498 945 1562 etiamsi
968 1499 1049 1564 euim
1071 1520 1122 1563 res
1143 1519 1202 1582 pro
1224 1519 1258 1564 se
1279 1499 1350 1582 ipsa
1371 1519 1432 1563 nou
1455 1500 1537 1564 satis

278 1598 437 1680 loquatur,
460 1619 513 1662 eos
535 1609 641 1664 tamen
664 1601 766 1664 habeo
789 1610 946 1676 auctores,
975 1619 1103 1683 quorum
1126 1601 1228 1683 gloria
1250 1610 1283 1664 et
1304 1601 1462 1682 gravitate
1484 1608 1537 1664 tu·

278 1699 341 1762 tari
375 1721 423 1762 me
456 1701 549 1764 facile
578 1701 713 1782 possim;
736 1709 950 1765 verumtamen
973 1723 1012 1765 ne
1034 1701 1105 1784 quis
1127 1703 1187 1766 hoc
1209 1721 1256 1764 me
1279 1702 1405 1766 nomine
1428 1721 1537 1784 repre-

278 1801 472 1865 hendendum
493 1810 595 1884 putet,
616 1811 651 1865 ut
673 1801 769 1878 dicat,
795 1823 889 1884 quum
911 1801 1031 1866 Gracia
1054 1821 1074 1865 a
1094 1823 1143 1866 me
1165 1803 1307 1867 studiose
1330 1803 1437 1866 omnia
1450 1823 1538 1867 snm-

279 1921 330 1964 ma
362 1903 553 1978 tribuantur,
575 1903 741 1979 Senecam,
768 1903 796 1966 si
819 1903 896 1987 quid
919 1904 988 1986 ejus
1010 1904 1169 1968 laudabile
1192 1903 1351 1979 inciderit,
1374 1912 1536 1986 tamquam

279 2004 320 2066 ab
342 2004 444 2067 invito
467 2023 504 2068 ac
525 2023 613 2086 paeue
635 2003 771 2085 maligue
793 2004 927 2076 laudari,
950 2023 1127 2088 proponam
1150 2005 1298 2081 breviter,
1309 2005 1385 2086 quid
1400 2006 1535 2069 sentiam

279 2103 318 2165 de
350 2113 420 2168 tota
451 2106 512 2168 hac
544 2105 668 2169 ratione
688 2105 867 2186 judicandi3
889 2105 937 2168 ita
958 2106 1042 2168 euim
1064 2114 1181 2183 statuo,
1203 2106 1290 2187 cujus
1312 2115 1413 2189 poetae
1437 2106 1537 2170 multa

279 2205 391 2285 perite,
413 2207 513 2269 multa
536 2207 715 2287 prudenter,
737 2207 836 2270 multa
860 2206 1013 2270 divinitus
1035 2207 1183 2270 instituta
1205 2227 1273 2270 esse
1296 2213 1429 2281 constet,
1451 2208 1484 2270 iu
1500 2227 1536 2270 eo

279 2305 307 2366 si
342 2307 417 2388 quid
451 2307 630 2382 occurrerit,
653 2308 737 2389 quod
769 2306 860 2388 quale
883 2307 926 2370 sit
947 2325 1010 2370 uon
1033 2309 1141 2372 statim
1165 2315 1331 2390 appareat,
1352 2315 1418 2371 tum
1440 2309 1537 2372 vehe-

280 2417 400 2471 menter
432 2409 493 2471 sibi
516 2409 618 2490 ipsum
641 2415 787 2491 oportere
810 2407 971 2484 diffidere;
1004 2417 1071 2472 tum
1095 2409 1201 2472 omnia
1222 2409 1463 2486 consideranda,
1486 2427 1536 2472 re-

281 2512 462 2586 tractanda,
485 2510 686 2585 excutienda3
720 2509 845 2591 quidvis
878 2510 1012 2592 denique
1046 2510 1272 2592 experiundum
1306 2510 1536 2592 potiusquam,

282 2635 374 2696 quum
411 2622 495 2676 tuam
528 2612 642 2693 possis,
674 2611 762 2674 illius
784 2610 1026 2691 intelligentiam
1049 2613 1195 2674 damnes:
1218 2619 1329 2674 contra
1351 2631 1440 2693 quern
1463 2631 1534 2674 raro

282 2737 351 2780 esse
374 2723 511 2796 poetam,
532 2731 769 2796 nonnumquam
792 2713 847 2774 vix
868 2711 1025 2775 hominem
1049 2713 1244 2793 cognoveris,
1266 2712 1318 2777 hic
1340 2712 1367 2774 si
1391 2712 1465 2794 quid
1487 2713 1536 2775 sf-

282 2817 409 2891 fuderit,
421 2817 500 2899 quod
524 2822 722 2878 commoveat
742 2814 848 2895 specie
871 2812 1007 2895 quadam
1029 2814 1081 2876 vel
1102 2813 1220 2894 ingenii
1241 2814 1293 2876 vel
1315 2813 1405 2888 artis,
1426 2813 1459 2875 iu
1475 2814 1536 2876 hoc

282 2918 432 2982 laudandi
467 2915 698 2980 cunctationem
733 2934 794 2978 uon
821 2914 921 2978 miuus
945 2935 1014 2978 esse
1037 2935 1128 2998 quarn
1151 2915 1184 2978 in
1208 2915 1262 2977 illo
1285 2915 1539 2996 reprehendendi

282 3019 484 3083 laudabilem.

366 3121 416 3184 Ac
437 3121 475 3182 de
498 3117 643 3181 instituto
666 3115 794 3199 quidem
816 3135 883 3178 meo
906 3115 1075 3192 hactenus;
1103 3136 1182 3180 nnuc
1204 3116 1246 3178 ad
1268 3135 1333 3178 rem
1356 3114 1459 3196 ipsam
1482 3135 1540 3197 ag·

285 3223 466 3304 gradiamur
488 3229 581 3301 atque
604 3237 640 3281 eo
664 3218 789 3301 quidem
814 3218 933 3292 ordine,
957 3227 991 3279 ut
1013 3217 1147 3297 primunr
1169 3216 1312 3280 Troades
1335 3217 1540 3298 explicemus,

285 3323 396 3386 deinde
420 3321 598 3396 Phaedram,
620 3327 687 3384 tum
709 3319 864 3393 Medeam,
887 3326 960 3400 post
980 3319 1148 3381 Herculem
1171 3321 1354 3392 Fureutem,
1378 3318 1541 3400 OEdipum,

285 3425 395 3506 OEdipi
418 3427 638 3505 fragmentum,
661 3420 907 3484 Phoenissarum
936 3421 1153 3501 fragmentum,
1177 3420 1346 3502 Thyesten,
1368 3420 1408 3482 ad
1432 3427 1539 3483 extre-

285 3545 366 3590 mum
402 3526 680 3606 Agamemnonem,
713 3521 879 3585 Herculem
911 3523 1048 3596 OEtaum,
1070 3520 1254 3584 Octaviam:
1277 3538 1370 3602 quum
1394 3519 1427 3582 in
1450 3519 1541 3586 libris

284 3627 364 3708 ipsis
386 3663 425 3674 -
448 3647 503 3689 nos
526 3632 723 3688 autemeam
747 3623 845 3687 secuti
869 3641 984 3697 sumus,
1000 3640 1090 3704 quem
1102 3621 1291 3702 Rudolphus
1302 3621 1419 3704 Peiper
1431 3631 1463 3685 et
1474 3623 1541 3686 Gu-

285 3737 396 3792 atavus
429 3716 560 3791 Ribhter
591 3732 816 3788 recensuerunt
836 3761 876 3772 -
905 3723 1046 3805 exceptis
1079 3722 1180 3786 tribus
1202 3722 1267 3788 illis
1290 3721 1451 3799 extremis,
1473 3742 1540 3806 qum

286 3829 337 3894 hic
359 3849 480 3913 quoque
504 3833 754 3900 extremuerunt,
777 3825 860 3888 alius
888 3824 1062 3889 fabularum
1086 3831 1191 3888 exstet
1212 3825 1299 3899 ordo,
1320 3832 1355 3886 ut
1376 3824 1433 3888 sit:
1456 3824 1542 3888 Her-

285 3931 372 3994 cules
394 3935 525 4004 Furens,
547 3929 714 4010 Thyestes,
737 3927 848 4009 OEdipi
871 3927 1091 4007 fragmentum,
1119 3925 1366 3988 Phoenissarum
1383 3925 1542 4007 fragmen-

285 4042 362 4108 tum,
396 4031 542 4106 Pboedra,
571 4029 716 4109 OEdipus,
738 4027 891 4101 Troades,
913 4027 1038 4092 Medea.
1083 4025 1175 4099 Quod
1198 4048 1251 4091 cur
1273 4027 1321 4089 ita
1343 4026 1541 4102 mutaverim,

286 4151 474 4219 quamquam
509 4132 588 4194 levis
622 4150 660 4194 ac
692 4130 757 4192 fere
792 4128 907 4192 nullius
930 4129 1080 4192 momenti
1103 4147 1153 4192 res
1177 4137 1235 4203 est,
1256 4127 1411 4192 rationem
1434 4135 1541 4192 tamen

286 4235 424 4300 arbitror
457 4252 526 4296 esse
549 4232 752 4296 reddendam.
795 4231 879 4294 Nam
906 4249 1000 4312 quum
1022 4229 1161 4294 exordiri
1183 4229 1334 4312 optimum
1358 4247 1426 4292 esse
1448 4238 1542 4312 puta-

286 4357 352 4400 rem
385 4336 426 4398 ab
458 4335 498 4396 iis
522 4333 649 4410 fabulis,
671 4353 739 4416 quae
764 4351 814 4396 res
837 4351 902 4407 eus,
925 4331 1035 4414 quibus
1058 4349 1157 4412 genus
1179 4338 1212 4394 et
1232 4329 1391 4412 ingenium
1415 4330 1541 4395 Senecas

286 4437 428 4502 maxime·
464 4437 688 4510 declararetur,
722 4441 755 4497 et
787 4431 922 4498 maxime
953 4431 1091 4516 insignes
1125 4433 1279 4496 baberent
1311 4440 1343 4496 et
1379 4431 1541 4513 plurimas,

287 4557 438 4623 quumque
461 4537 600 4600 viderem
623 4537 686 4599 duo
709 4553 779 4599 esse
801 4535 926 4599 omniuo
949 4553 1065 4616 genera
1082 4534 1329 4616 tragoediarum,
1345 4551 1438 4596 unum
1455 4534 1541 4615 quod

287 4641 319 4704 iu
340 4640 454 4704 subitis
477 4657 578 4702 rerum
599 4636 786 4720 magnisque
814 4636 1080 4710 conversionibus,
1103 4635 1236 4698 alterum
1259 4634 1343 4717 quod
1364 4634 1396 4696 in
1418 4634 1542 4697 allecti-

286 4741 346 4804 bus
378 4741 479 4823 magis
514 4749 545 4804 et
578 4739 717 4807 moribus
749 4745 940 4814 versaretur,
972 4743 1039 4801 tum
1061 4735 1381 4818 intellexiejusmodi
1404 4735 1541 4811 fabulas,
