3554 5406
326 491 365 548 28
810 485 841 543 0.
864 486 896 542 Ε.
919 485 1093 544 Sendstrdm.

326 665 395 747 Ego
427 661 506 728 nihil
541 660 593 724 hio
624 658 762 734 invenio,
795 659 877 740 quod
909 665 1036 722 moreat
1068 654 1332 735 exclamationem
1359 655 1421 722 nisi
1444 659 1527 742 quod
1547 657 1581 724 hi

327 772 479 848 quattuor
501 781 609 826 versus
631 760 710 825 retis
732 759 858 824 venusti
879 759 1041 824 videntur:

568 863 667 918 Fertur
689 861 816 932 pleustro
837 860 932 932 proedo
953 859 1086 932 gementi.

568 951 639 1004 Tum
660 951 752 1006 nostru
774 963 856 1004 eones
877 947 1013 1019 sunguine
1035 948 1125 1004 multo

570 1035 736 1092 Rubiouudo
757 1037 859 1108 gerunt
880 1034 1039 1104 repetitque
1061 1051 1138 1092 cesus

569 1124 684 1179 Rustioe
705 1122 790 1194 longo
811 1122 896 1178 turba
916 1121 1070 1191 triumpho.
1172 1207 1210 1262 82

1120 1227 1147 1263 v.
1217 1209 1287 1262 -5,

327 1332 504 1415 Hippolyto
528 1336 676 1392 venetum
697 1329 838 1412 profecto
860 1327 999 1392 Phaedre
1020 1347 1089 1392 oum
1111 1328 1232 1393 nutrice
1254 1328 1418 1410 producte,
1440 1331 1583 1412 primum,

328 1434 409 1518 quod
443 1431 529 1496 hosti
560 1431 683 1494 Theseo
714 1437 825 1494 coacte
847 1429 1001 1512 nupserit,
1024 1430 1243 1514 conqueritur3
1267 1430 1380 1494 deinde
1402 1431 1583 1514 indignatur

330 1556 397 1598 eum
430 1555 494 1598 une
530 1551 598 1594 oum
629 1530 775 1595 Pirithoo
797 1531 996 1613 Proserpinae
1019 1531 1181 1613 repiuudae
1203 1551 1300 1596 oense
1322 1532 1521 1598 descendisse
1543 1535 1583 1599 ed

329 1636 459 1700 inferos.
503 1635 582 1697 Tum
606 1651 696 1695 voro:

570 1731 623 1787 Sed
644 1731 734 1806 major
756 1733 827 1788 elius
849 1732 965 1789 inoubot
987 1736 1089 1790 maestae
1110 1732 1198 1789 dolor.

570 1819 634 1874 Non
655 1836 700 1876 me
722 1821 799 1891 quies
819 1823 958 1876 nocturno
978 1838 1035 1877 non
1056 1822 1131 1877 ultus
1153 1836 1234 1890 sopor

570 1905 682 1962 Solvere
703 1908 789 1974 ouris3
812 1908 899 1964 alitur
920 1911 949 1964 et
971 1908 1070 1964 oresoit
1091 1907 1197 1963 melum

570 1993 607 2049 lit
628 1993 708 2050 ordei
729 1995 806 2052 intus
828 1996 919 2068 qualis
940 1998 1037 2053 mtnaeo
1058 2011 1146 2066 vapor

570 2081 701 2138 &undet
723 2085 815 2140 sumo.

1121 2188 1148 2226 v.
1174 2169 1309 2226 104-8.

329 2283 381 2346 Ite
402 2288 547 2366 procedit
568 2288 608 2352 od
631 2309 770 2354 amorem
791 2289 960 2375 Hippolyti
981 2291 1150 2355 latendum.
1185 2290 1230 2354 At
1251 2290 1279 2353 si
1301 2290 1368 2371 ejus
1391 2308 1495 2353 eruore
1509 2308 1585 2353 oon-

330 2385 472 2462 sumitur,
494 2410 554 2453 nou
576 2391 729 2474 intelligo,
752 2411 807 2454 our
829 2393 976 2455 maritum
998 2392 1110 2455 abesse
1132 2399 1198 2455 tum
1220 2392 1361 2473 graviter
1383 2391 1506 2454 doleat:
1523 2409 1584 2472 quo

229 2563 231 2570 y
331 2485 438 2548 dolore
472 2489 622 2554 adulterae
654 2500 739 2556 eerte
772 2493 913 2576 torqueri
938 2512 1000 2557 nou
1022 2494 1134 2556 solent.
1177 2494 1251 2556 Jum
1273 2492 1397 2574 generis
1420 2491 1584 2556 infamiam

331 2588 450 2670 tangit:

571 2695 630 2761 Quo
651 2693 744 2750 tendis
765 2695 877 2750 anime?
900 2695 968 2765 quid
989 2694 1082 2750 iurem
1104 2694 1193 2750 saltus
1216 2696 1312 2752 emes?

571 2781 670 2839 Fotide
691 2781 798 2838 miserm
819 2783 918 2838 metris
940 2799 1061 2854 agnoseo
1082 2783 1198 2838 mulum.

571 2870 690 2924 Peeoere
710 2872 805 2926 noster
826 2871 906 2925 novit
926 2869 957 2924 in
978 2869 1056 2924 silvis
1077 2887 1165 2926 emor.

572 2955 701 3014 Geniirix
722 2957 766 3012 tui
787 2973 832 3012 me
853 2958 978 3013 miseret:
1001 2956 1117 3012 infundo
1139 2956 1214 3013 malo

571 3045 706 3114 correpta
728 3044 835 3113 peeoris
856 3044 970 3098 efferum
992 3044 1058 3101 saeui
1080 3043 1179 3098 duoem

571 3131 672 3187 Auuox
693 3131 804 3186 amasti.
849 3131 954 3187 Torvus
975 3131 1126 3202 impatiens
1144 3131 1207 3202 jugi

571 3219 689 3274 Adulter
710 3217 759 3272 illo
781 3217 881 3274 duetor
902 3217 1032 3274 indomiti
1054 3219 1157 3290 gregis.

573 3305 626 3361 Sed
648 3305 763 3361 emebat
786 3305 906 3376 aliquid:
930 3306 992 3375 quis
1013 3322 1089 3361 moes
1110 3305 1216 3360 miserm
1238 3305 1304 3359 deus

571 3393 629 3451 Aut
651 3393 713 3465 quis
730 3392 831 3466 juvere
852 3393 981 3450 Daedelus
1002 3393 1129 3449 flammas
1150 3392 1255 3534 qrpepti
1284 3479 1322 3534 25

1124 3497 1151 3536 v.
1220 3481 1276 3534 7-
1328 3519 1334 3534 .

333 3601 436 3674 Quem
459 3601 650 3677 indecenter,
672 3619 766 3684 quem
789 3601 895 3666 foede!
938 3602 1012 3666 Non
1033 3601 1126 3665 modo
1149 3601 1314 3666 miseretur
1334 3599 1456 3675 metris,
1477 3601 1535 3664 sed
1557 3598 1586 3662 ei

334 3703 429 3766 etiarn
464 3702 603 3766 invidet!
646 3702 799 3766 Videmus
832 3701 1041 3783 abjiciendam
1062 3702 1153 3766 uobis
1176 3723 1244 3766 esse
1267 3721 1389 3766 omnem
1411 3700 1585 3783 Euripidiae

333 3803 477 3868 Phaedrae
510 3804 712 3880 memoriam
744 3803 824 3868 huno
849 3803 914 3868 illis
936 3805 1020 3887 apud
1042 3803 1225 3868 Petronium
1248 3812 1306 3867 eut
1325 3803 1495 3886 Apulejum
1519 3821 1587 3865 me·

332 3907 434 3970 tronis
456 3907 608 3988 adgreges
630 3905 756 3968 rectius.
792 3959 797 3968 .

416 4007 481 4072 Sed
503 4007 530 4070 si
552 4026 663 4090 parum
684 4005 799 4088 pudiou
822 4013 871 4070 est
892 4007 1037 4084 Phaedre‚
1066 4027 1102 4072 eo
1125 4005 1242 4071 clarius
1264 4005 1296 4071 in
1319 4007 1439 4071 nutriee
1458 4005 1586 4072 virtutis

335 4117 366 4172 et
387 4108 538 4173 doetriuae
560 4108 663 4172 lumen
685 4107 820 4190 effulget
863 4109 924 4172 Est
946 4109 1029 4172 enim
1057 4110 1200 4191 perlecto
1221 4108 1253 4172 in
1275 4109 1394 4173 Stoicis
1416 4127 1586 4191 omnesque
1623 4173 1629 4192 s

333 4209 417 4274 illius
449 4217 542 4273 seete
575 4210 714 4273 rationes
748 4215 781 4272 et
811 4207 961 4273 institute
993 4211 1104 4275 melius
1125 4210 1222 4274 multo
1246 4229 1339 4292 quem
1360 4230 1418 4293 pro
1440 4217 1506 4274 tum
1527 4210 1587 4275 hu·

333 4311 400 4375 mili
436 4319 522 4376 sorte
554 4311 644 4374 novit
676 4318 709 4374 et
739 4316 834 4374 tenet.
878 4312 970 4375 Hono
992 4313 1119 4376 fortuna
1146 4312 1299 4386 Phaedre,
1321 4313 1404 4394 quod
1426 4311 1586 4387 miremur,

334 4514 375 4578 ud
408 4513 639 4595 reprimendum
676 4533 816 4578 amorem
849 4515 1040 4580 adhortetur
1071 4514 1247 4591 dominem3
1280 4534 1468 4600 quemquem
1502 4516 1587 4581 houd

334 4615 472 4698 ignoret,
495 4623 609 4697 quanto
632 4635 699 4682 oum
721 4615 862 4698 periculo
884 4635 962 4680 rere
983 4615 1107 4700 regibus
1130 4617 1291 4693 dioeutur3
1312 4617 1369 4680 sed
