3554 5406
557 505 597 564 Da
618 506 650 564 L.
673 507 772 566 Annei
792 505 902 566 &neca
924 505 1095 581 'tragoediis

441 679 539 738 Soluto
560 679 655 736 cervix
676 679 762 736 silicia
783 679 906 752 impulsu
927 684 1014 758 ceput

443 768 568 837 Ruptum
590 768 702 823 cerebro
725 768 838 839 penitus
859 785 996 840 expresso.
1040 768 1122 825 docet

440 854 569 912 Deforme
591 871 700 926 corpus.

994 959 1022 996 v.
1048 938 1226 996 1121-27.

286 1063 562 1146 Deprehendimns
584 1062 636 1126 hic
659 1061 795 1146 primum
817 1061 930 1125 vitium
952 1061 996 1138 id,
1018 1062 1104 1143 cujus
1119 1081 1261 1144 magnam
1277 1083 1354 1126 sane
1369 1071 1459 1146 post

201 1166 271 1240 hac,
293 1165 439 1248 quicquid
455 1165 713 1249 processerimus,
736 1164 950 1247 exemplorum
974 1163 1097 1246 copiam
1120 1164 1324 1247 reperiemus.
1368 1166 1459 1230 Sem-

201 1287 257 1349 per
290 1266 372 1330 enim
405 1267 457 1330 hic
489 1267 562 1330 talis
585 1273 649 1328 est:
678 1285 791 1348 parum
813 1264 912 1328 habet
933 1264 1078 1328 lacrimas
1102 1265 1251 1341 movisse,
1274 1265 1336 1329 nisi
1359 1267 1457 1331 etiam

202 1387 352 1432 nauseam
387 1367 539 1444 moverit3
561 1367 611 1430 vel
633 1367 740 1450 potins
762 1367 836 1430 illas
858 1385 984 1429 movere
1007 1386 1069 1429 non
1091 1375 1189 1442 curat,
1212 1366 1285 1430 huic
1306 1368 1459 1434 facienda

203 1488 331 1553 operam
364 1468 421 1532 dat
455 1468 630 1550 plurimam.
674 1467 745 1540 Qus
778 1468 810 1530 in
840 1487 873 1530 re
896 1475 1047 1550 qnantum
1071 1467 1155 1530 inter
1177 1467 1258 1531 hunc
1279 1469 1406 1533 intersit
1427 1478 1461 1534 et

204 1571 323 1635 Graeca
345 1570 513 1650 tragoedia
536 1569 723 1644 conditores,
746 1568 825 1632 libet
847 1568 1110 1632 animadvertere.
1144 1569 1195 1632 Illi
1219 1569 1300 1632 enim
1324 1570 1460 1656 diligen·

203 1670 324 1735 tissime
347 1670 642 1754 religiosissimeque
668 1677 843 1744 servantes,
864 1689 903 1732 ne
926 1669 1000 1753 quid
1023 1669 1187 1732 foeditatis
1209 1679 1263 1734 aut
1286 1672 1382 1734 oculis
1405 1681 1462 1738 aut

203 1771 333 1838 auribus
355 1772 565 1854 spectantium
591 1772 764 1847 offerretur,
776 1791 873 1854 neque
886 1770 1102 1834 narrationum
1116 1770 1300 1835 atrocitates
1312 1773 1463 1838 admitte-

203 1879 282 1940 bant
303 1873 366 1939 uisi
388 1881 421 1936 et
442 1873 637 1938 necessarias
659 1880 692 1935 et
713 1873 825 1936 breves
848 1881 880 1935 et
902 1872 1060 1937 oculorum
1083 1871 1228 1955 religioni
1251 1873 1298 1936 ita
1324 1875 1461 1940 inservi-

205 1969 320 2061 ebantss
342 1983 378 2040 ut
410 1994 483 2039 raro
516 1975 616 2038 cades
649 1974 682 2038 in
714 1994 809 2038 scena
841 1980 1116 2056 repraesentarent,
1138 1993 1211 2037 raro
1235 1973 1297 2037 nisi
1319 1976 1460 2042 velatum

204 2061 361 2142 mortuum
395 2095 509 2158 corpus
543 2075 754 2139 ostenderent.
798 2074 860 2138 Hic
892 2083 1011 2149 contra,
1044 2074 1130 2154 cujus
1164 2095 1202 2138 ea
1225 2082 1274 2137 est
1295 2078 1461 2146 verborum

205 2179 368 2253 atrocitas,
402 2197 491 2263 quem
526 2177 604 2240 adeo
640 2177 840 2239 narrationes
863 2194 928 2239 suae
951 2176 1112 2238 declarant
1134 2175 1318 2240 foedissima
1341 2198 1462 2264 queque

205 2301 238 2344 re
272 2279 409 2343 maxime
432 2278 672 2360 delectarique
694 2277 824 2341 tandem
848 2277 1018 2352 aviditate,
1040 2275 1067 2338 si
1090 2296 1152 2339 non
1175 2277 1301 2359 scriptae
1322 2287 1463 2346 tantum-

205 2382 310 2457 modo,
342 2382 400 2444 sed
431 2386 510 2442 actae
543 2381 591 2442 hae
614 2378 728 2442 fabulae
751 2385 867 2453 essent,
890 2378 922 2440 in
946 2398 1011 2440 rem
1033 2388 1219 2458 praesentem
1241 2380 1462 2460 perducturum

204 2489 399 2566 spectatores
433 2481 530 2544 luisse
564 2481 746 2543 censemus?
789 2480 861 2543 Non
895 2487 1052 2542 extremos
1074 2479 1275 2544 morientium
1298 2481 1462 2564 singultus,

205 2605 266 2650 uon
288 2580 520 2666 prorumpentis
542 2581 705 2662 sanguinis
727 2581 866 2655 flumina,
888 2601 949 2644 non
962 2581 1101 2663 ipsorum
1115 2581 1301 2646 cadaverum
1314 2595 1462 2667 aspectus

206 2686 389 2760 remisisset,
412 2683 484 2767 quin
509 2683 614 2746 omnia
640 2689 814 2758 cernerent,
827 2682 934 2745 omnia
947 2702 1039 2744 manu
1050 2683 1275 2765 propemodum
1288 2692 1462 2767 tangerent.

291 2785 516 2852 Andromacha
538 2792 646 2848 tamen
669 2785 749 2848 satis
771 2785 855 2847 lente
879 2790 911 2845 et
933 2782 1087 2846 breviter:

801 2883 846 2940 sio
868 2901 978 2955 quoque
1000 2885 1042 2938 est
1064 2882 1163 2939 similis
1184 2887 1270 2956 patri.

751 2954 765 2988 ⁶
1012 2990 1038 3026 v.
1064 2971 1156 3028 mse.

207 3096 311 3160 Minus
345 3093 477 3158 offendit
508 3113 574 3175 quae
607 3091 749 3175 sequitur
770 3093 941 3176 Polyxena
969 3091 1080 3156 mortis
1103 3093 1256 3157 narratio.
1299 3094 1382 3157 Nam
1407 3114 1463 3156 ne-

208 3218 267 3280 que
300 3204 425 3259 taetrum
456 3194 532 3258 illud
566 3202 599 3257 et
630 3194 802 3269 horridum,
835 3195 917 3276 quod
948 3194 1016 3275 jam
1039 3194 1152 3276 saepius
1175 3195 1383 3277 appellamus,
1405 3215 1463 3278 pa·

208 3299 286 3364 riter
318 3297 350 3360 in
384 3297 466 3361 hunc
487 3296 589 3360 locum
621 3295 749 3358 induxit
781 3304 822 3370 et,
845 3315 937 3377 quum
972 3295 1051 3358 dicit
1072 3295 1111 3358 de
1133 3295 1247 3359 animis
1270 3315 1386 3370 eorum,
1410 3296 1463 3379 qui

208 3406 390 3482 spectantes
413 3397 535 3460 facinus
558 3397 638 3459 illud
659 3396 857 3472 inducuntur,
880 3395 1013 3460 effundit
1036 3416 1083 3470 ea,
1098 3417 1164 3479 quae
1176 3405 1307 3478 propter
1318 3398 1463 3462 acerbam

208 3501 294 3584 vulgi
315 3518 435 3563 morum
459 3498 654 3562 notationem
677 3497 775 3580 digna
797 3497 847 3559 vel
870 3496 974 3560 Taciti
997 3497 1156 3578 gravitate
1179 3497 1364 3562 videantur:

448 3635 574 3705 Praeceps
595 3635 628 3688 ut
650 3633 716 3689 altis
738 3632 839 3689 cecidit
860 3649 876 3688 e
898 3632 985 3688 muris
998 3647 1068 3703 puer

448 3721 595 3792 Flevitque
616 3720 756 3777 Achivum
776 3720 861 3776 turba
882 3719 958 3791 quod
978 3718 1045 3776 iecit
1066 3718 1144 3776 nelas

449 3809 527 3866 Idem
547 3809 597 3865 ille
618 3807 738 3879 populus
764 3806 841 3864 aliud
863 3807 900 3864 ad
920 3804 1028 3950 moinus
1049 3807 1223 3949 {albeli-30

803 4013 909 4085 Magna
929 4030 995 4084 pars
1016 4012 1095 4084 vulgi
1115 4013 1186 4071 levis

450 4097 517 4154 Odit
538 4098 626 4153 scelus
648 4102 813 4172 spectetque
834 4116 886 4156 nec
907 4101 991 4156 Troes
1012 4101 1103 4156 minus

451 4185 537 4241 Suum
558 4185 738 4256 frequentant
760 4187 850 4244 funus.

1009 4293 1036 4331 v.
1062 4273 1241 4330 1138-40.

210 4429 283 4492 Jam
319 4444 393 4490 vem
427 4445 520 4508 quum
553 4427 594 4490 ed
626 4435 758 4493 mortem
781 4427 870 4510 virgo
893 4429 1048 4511 procedit,
1070 4429 1102 4492 in
1125 4429 1236 4492 habitu
1258 4429 1325 4511 ejus
1347 4429 1467 4494 descri-

211 4528 314 4592 bendo
348 4526 424 4609 quid
457 4528 518 4591 hoc
544 4527 641 4591 simili
674 4539 729 4593 ant
762 4528 886 4593 mollius
908 4531 953 4624 ad
974 4531 1114 4594 dolorem
1137 4537 1192 4594 aut
1214 4530 1402 4614 exquisitius
1424 4531 1466 4595 ed

211 4629 401 4694 suavitatem
424 4628 558 4712 cogitari
579 4631 709 4712 potest?
