3554 5406
562 517 602 576 De
624 518 655 576 L.
678 519 776 577 Annaei
798 517 907 578 &neom
928 520 1100 593 Tragoediie.

450 691 516 748 Hae
538 693 615 748 ben
636 691 757 750 Hecuba
778 692 861 750 fetos.
905 693 967 748 Hac
988 692 1049 749 sola
1069 709 1153 750 vocor

381 797 385 812 .
450 779 516 834 Jam
537 795 606 835 voce
626 781 727 836 mater.
1180 801 1182 806 ¹

1001 883 1030 922 v.
1053 866 1212 922 968-73.

188 1057 192 1068 ,
292 987 411 1052 Melius
433 988 509 1062 hacc,
532 1005 625 1068 quam
648 1005 740 1068 quum
761 985 866 1068 paullo
889 995 963 1070 post
984 987 1104 1062 eadem,
1125 986 1180 1050 ubi
1202 984 1367 1051 sortitione
1389 1005 1466 1068 cap-

211 1087 350 1152 tivarum
373 1091 459 1152 lacta
480 1087 570 1153 Ulixi
594 1107 627 1150 se
650 1087 803 1169 obtigisse
826 1087 960 1164 audivit,
982 1087 1097 1153 anilem
1119 1087 1153 1152 iu
1169 1087 1257 1152 illum
1271 1087 1466 1151 stomachum

209 1190 355 1271 erumpit,
388 1191 447 1254 hoc
468 1190 571 1272 ipsum
596 1189 766 1264 exsultans,
790 1189 885 1271 quod,
908 1208 1001 1271 quom
1026 1189 1140 1252 ceteris
1163 1189 1293 1252 ducibus
1315 1195 1410 1251 aetate
1433 1196 1466 1252 et

209 1293 312 1356 torma
343 1291 483 1372 insignes
516 1291 657 1372 virgines
690 1289 869 1364 cessissent,
901 1296 969 1352 tam
991 1290 1086 1352 vilem
1110 1291 1163 1354 ille
1185 1297 1218 1352 et
1239 1289 1346 1371 exigui
1368 1289 1465 1371 pretii

208 1393 348 1473 praedam
384 1391 563 1455 abstulerit.
605 1390 703 1454 Venit
724 1391 851 1453 interim
878 1391 1020 1474 Pyrrhus
1041 1391 1298 1474 Polyxenamque
1320 1390 1465 1454 abducit:

209 1513 299 1576 qoem
322 1494 487 1556 abeuntem
509 1492 642 1556 Hecuba
664 1491 743 1554 diris
763 1492 910 1573 precibus
932 1493 1145 1575 prosequitur.

291 1627 460 1691 Habentur
475 1626 678 1691 avictoribus
691 1626 819 1690 taudem
832 1627 974 1708 expetita
989 1628 1031 1691 ad
1043 1634 1175 1690 mortem
1191 1646 1340 1710 corpora:
1354 1635 1465 1705 restat,

209 1737 244 1793 ut
275 1729 352 1811 ipsae
381 1730 483 1792 'oaedes
515 1735 742 1810 perpetrentur.
794 1725 881 1799 Quas
916 1729 1039 1810 quidem
1072 1729 1173 1792 caedes
1206 1749 1297 1812 quum
1318 1729 1351 1791 in
1372 1749 1466 1795 scena

208 1829 430 1912 repraesentari
466 1829 547 1892 ratio
582 1849 619 1892 ac
661 1829 853 1892 consuetudo
886 1829 1004 1892 veteris
1027 1830 1199 1911 tragoedia
1221 1829 1414 1911 prohiberet,
1447 1853 1466 1894 a

207 1931 317 1994 nuntio
340 1931 395 1993 illo
418 1929 574 2004 sollemni,
596 1931 648 2014 qui
672 1931 712 1992 ad
734 1929 793 1993 hoc
814 1930 917 2011 ipsum
940 1929 1045 1993 induci
1067 1930 1202 2006 solebat,
1223 1929 1365 2012 pluribus
1392 1951 1465 1995 ver-

208 2032 256 2095 bis
287 2039 494 2113 exponuntur.
537 2031 605 2094 Nec
638 2049 712 2094 vero
745 2032 946 2094 narrationes
969 2032 1095 2096 Seneoae
1118 2031 1219 2112 magis
1243 2051 1335 2114 qnam
1359 2042 1465 2096 cetera

208 2133 346 2213 ejusdem
379 2132 598 2214 probaverim:
632 2151 698 2214 queo
731 2151 825 2214 quum
859 2133 1005 2195 omnibus
1037 2133 1191 2197 Senecani
1230 2133 1352 2214 generis
1375 2134 1464 2198 vitiis

207 2233 360 2309 laborent,
393 2241 458 2298 tum
494 2253 568 2296 vero
603 2233 741 2298 maxime
773 2233 967 2296 intolerabili
992 2235 1127 2316 quadam
1149 2234 1341 2317 loquacitate
1365 2237 1465 2300 offen-

207 2338 295 2411 dunt,
328 2335 412 2417 quod
434 2335 558 2416 ¹vitium
586 2336 654 2398 haec
675 2354 750 2416 pars
772 2335 927 2398 orationis
950 2334 1096 2399 nimirum
1118 2335 1170 2398 vel
1193 2335 1330 2400 maxime
1353 2355 1465 2419 eaper-

206 2446 300 2501 natur
332 2457 370 2499 ao
403 2436 532 2518 respuit.
575 2439 627 2500 Ita
659 2437 704 2512 lit,
727 2443 772 2509 ut,
795 2437 866 2500 dum
890 2437 1022 2528 primum
1045 2437 1183 2519 quidque
1206 2437 1304 2518 gestit
1325 2455 1465 2514 narrare,

207 2538 394 2612 describere,
417 2537 597 2620 expingere,
620 2539 690 2600 dum
713 2537 792 2600 nibil
816 2539 881 2598 lere
905 2537 1035 2613 omittit,
1048 2537 1122 2621 quin
1145 2538 1178 2600 id
1202 2537 1370 2602 obtrudere
1387 2559 1465 2622 quo-

207 2639 370 2703 dammodo
405 2639 502 2702 oeulis
535 2638 705 2720 legentium
738 2645 876 2712 conetur,
909 2637 979 2720 plns
1002 2657 1214 2719 saepenumero
1238 2638 1270 2700 in
1294 2640 1464 2704 levissimis

206 2741 299 2824 rebus
332 2759 436 2821 operae
459 2748 635 2814 consumat,
668 2759 760 2822 quam
782 2745 931 2821 quantum
955 2740 986 2802 in
1009 2739 1208 2820 gravissimis
1232 2741 1385 2804 collocare
1408 2743 1465 2805 de·

206 2843 313 2918 bebat,
336 2850 368 2904 et
389 2841 421 2904 in
444 2841 495 2915 iis,
518 2860 587 2922 quaa
609 2841 758 2922 vulgaria
780 2849 855 2902 sunt
875 2849 970 2922 atque
993 2841 1172 2904 eommunia
1194 2859 1323 2925 qnaeque
1346 2842 1466 2924 longis-

206 2944 286 3008 sime
320 2963 340 3006 a
361 2942 486 3023 poetica
507 2941 701 3006 tractatione
723 2941 906 3017 abhorrent,
939 2942 972 3005 in
994 2941 1058 3005 illis
1082 2962 1174 3024 qnam
1197 2943 1376 3006 diutissime
1397 2945 1465 3006 hae-

206 3054 276 3108 reat
308 3055 341 3107 et
356 3042 499 3122 ‚habitet
523 3063 590 3126 qna
613 3054 718 3106 antem
739 3063 802 3106 rem
825 3044 986 3106 continent
1007 3043 1109 3124 ipsam
1133 3063 1264 3126 quaque
1287 3052 1319 3107 et
1341 3045 1465 3108 decoris

206 3153 238 3209 et
269 3144 439 3228 gravitatis
472 3145 590 3208 habent
622 3144 799 3226 plurimum,
821 3143 862 3206 ad
889 3145 956 3208 haec
978 3153 1010 3207 et
1031 3145 1133 3226 spisse
1155 3145 1323 3227 perveniat
1345 3153 1386 3221 et,
1409 3145 1463 3208 ubi

205 3246 396 3329 pervenerit,
419 3265 615 3329 nequaquam
640 3265 697 3328 pro
721 3246 766 3308 rei
790 3245 946 3326 dignitate
968 3252 1185 3328 persequatur.
1229 3247 1329 3310 Velut
1350 3245 1382 3308 in
1403 3266 1464 3328 pn-

206 3349 251 3412 eri
284 3357 383 3411 morte
406 3383 446 3392 —-
469 3355 504 3410 nt
522 3348 589 3427 jam
616 3349 656 3410 ad
679 3347 738 3410 has
760 3347 848 3428 ipsas
871 3347 1071 3410 narrationes
1094 3353 1275 3410 revertatur
1296 3347 1401 3411 oratio
1424 3383 1464 3394 --

204 3457 280 3532 quot
300 3447 407 3512 verbis
431 3449 554 3525 turrim,
577 3449 659 3512 unde
682 3448 841 3529 dejicitur,
864 3456 942 3529 quot
962 3447 1069 3511 verbis
1092 3467 1208 3523 eornm,
1231 3447 1284 3530 qni
1307 3455 1463 3530 spectant,

205 3551 437 3624 multitudinem
469 3550 656 3633 turbamque
679 3549 834 3632 depingit!
878 3547 980 3620 Quam
1009 3549 1180 3630 diligenter
1199 3549 1235 3613 id
1257 3549 1335 3632 agit,
1357 3559 1393 3614 ut
1413 3549 1464 3613 in-

204 3651 382 3736 telligatur,
405 3670 467 3733 qua
489 3651 622 3735 quisque
644 3651 677 3714 in
699 3651 811 3715 arbore
834 3649 1024 3713 consederit!

798 3750 848 3806 His
870 3750 949 3806 collis
969 3751 1067 3821 procul

446 3837 544 3894 Aciem
565 3839 677 3909 patenti
698 3838 817 3893 liberam
838 3838 945 3908 praebet
965 3837 1041 3896 loco:

444 3923 495 3980 His
517 3926 578 3982 alta
598 3943 681 3998 rupee
702 3925 781 3997 cujus
802 3925 833 3980 in
854 3925 982 3981 acumine

444 4011 547 4069 Ereota
567 4029 674 4069 summo
695 4012 781 4069 turba
802 4011 919 4067 libravit
941 4011 1033 4082 pedes.

444 4099 526 4156 Hunc
547 4099 630 4170 pinus
650 4099 733 4155 illum
753 4099 847 4154 laurrre
868 4098 944 4156 bunc
965 4099 1047 4171 fagus
1068 4097 1152 4240 gqrgt.
1180 4182 1218 4240 92

996 4205 1023 4243 v.
1051 4186 1088 4241 10
1139 4218 1172 4230 -
1222 4224 1230 4239 .

202 4302 250 4368 At
270 4303 440 4386 Euripides
462 4304 544 4368 idem
566 4304 627 4368 boc
648 4303 773 4369 initium
796 4305 988 4370 narrationis
1011 4305 1135 4369 duobus
1157 4302 1298 4368 absolvit
1319 4303 1460 4368 versicu-

202 4405 243 4468 lis
275 4404 369 4493 (Hec.
401 4405 580 4490 521-22);
612 4427 714 4490 neque
747 4407 831 4470 enim
857 4409 899 4471 ad
920 4407 1076 4471 maximas
1098 4426 1148 4471 res
1170 4405 1459 4490 pnloberrimaaque

202 4507 368 4571 festinanti
390 4506 424 4570 in
446 4508 538 4590 ungis
560 4517 655 4572 vacet
676 4508 859 4573 consistere.

282 4642 357 4706 Jam
379 4660 453 4706 vero
475 4661 554 4725 puer
574 4641 644 4724 ipse
666 4662 728 4727 qno
750 4643 858 4708 animo
881 4651 1014 4708 mortem
1036 4641 1138 4706 subit!
