3554 5406
319 483 360 542 ta
698 553 701 560 γ
812 483 843 540 (l.
866 485 898 542 Ε.
921 483 1093 540 Sandstrdm.

320 655 393 736 angi
415 651 572 737 propositi
595 652 745 718 facinoris
767 655 958 736 cogitatione
980 653 1174 718 declaratur:
1207 652 1370 734 productis
1392 651 1476 716 enirn
1499 671 1577 734 pue·-

321 756 375 832 ria,
409 775 501 838 quum
536 773 590 818 eos
622 755 784 836 amplexus
817 759 923 830 Iason,
955 765 1096 838 pateruae
1128 754 1294 834 indulgens
1327 753 1467 828 caritati,
1490 773 1576 836 spem

320 857 527 930 maturitatis,
560 865 596 918 ut
628 857 673 930 lit,
696 867 728 920 et
749 858 874 922 futuros
896 858 1031 922 honores
1055 865 1287 930 commemorat,
1309 875 1370 919 non
1393 862 1501 937 potest
1520 853 1578 916 illa

320 958 547 1032 secundusne,
570 957 653 1039 quin,
675 975 766 1038 quarn
794 959 928 1022 crudelis
951 977 1003 1022 eos
1026 957 1128 1020 exitus
1151 968 1281 1020 maneat
1302 974 1455 1038 quamque
1478 974 1498 1017 a
1518 973 1577 1037 pa·

321 1059 423 1122 tarnis
455 1057 540 1120 votis
574 1059 727 1134 diversus,
760 1079 863 1124 secum
890 1058 962 1141 ipsa
984 1059 1086 1122 tacita
1107 1058 1238 1122 volvens
1261 1066 1293 1120 et
1313 1057 1404 1122 vultu
1427 1065 1461 1120 et
1481 1055 1577 1119 lacri-

321 1161 382 1222 mis
415 1159 594 1222 mestitiam
620 1160 745 1241 prodat.
788 1161 925 1224 Fallitur
947 1168 1054 1223 tamen
1077 1159 1188 1222 Iason:
1211 1159 1377 1222 mittuntur
1397 1158 1487 1240 pueri
1510 1175 1576 1222 cum

321 1260 422 1334 donis,
444 1261 531 1342 palla
553 1270 586 1324 et
607 1280 732 1334 corona,
755 1281 833 1344 quas
855 1261 912 1325 illa
933 1261 1084 1343 pestifero
1107 1279 1226 1324 veneno
1248 1259 1400 1323 tinxerat.

403 1363 576 1444 Postquam
605 1381 680 1425 vero
709 1371 837 1444 peracto
859 1363 1009 1425 mandato
1031 1362 1121 1444 pueri
1144 1381 1212 1424 sese
1236 1359 1362 1424 domum
1385 1369 1576 1442 receperunt,

322 1481 414 1546 quum
433 1463 500 1543 jam
522 1463 703 1544 perficiendi
726 1463 872 1528 facinoris
895 1472 1019 1546 tempus
1042 1470 1075 1526 et
1097 1462 1265 1526 discrimen
1287 1461 1443 1526 adventat
1464 1481 1578 1544 quum-

322 1583 381 1646 que
413 1563 503 1637 illud,
537 1563 619 1646 quod
654 1573 748 1628 antea
775 1573 1000 1646 tamquamex
1022 1564 1189 1646 longinquo
1213 1571 1393 1644 aspexerat,
1411 1562 1480 1644 jam
1502 1581 1577 1644 pro·

321 1666 394 1747 pius
427 1665 589 1728 admotum
622 1675 654 1727 et
685 1684 774 1746 paene
796 1666 972 1747 subjectum
995 1665 1096 1729 oculis
1118 1663 1227 1738 cernit,
1249 1671 1316 1726 tum
1338 1682 1497 1728 veronen
1520 1683 1578 1728 err-

322 1767 457 1828 stinetus
490 1766 543 1828 ille
577 1767 713 1846 quidem,
736 1768 792 1830 sed
815 1765 868 1830 diu
889 1785 1052 1848 repressus
1075 1773 1107 1828 et
1129 1765 1284 1829 coercitus
1306 1764 1397 1829 dolor
1418 1773 1577 1828 maternus

323 1866 460 1948 ammpit
496 1867 761 1951 cupidissimisque
789 1868 956 1932 carissima
976 1867 1039 1930 sibi
1061 1867 1194 1930 tiliorum
1217 1885 1351 1948 corpora
1373 1866 1576 1947 amplectens,

322 1987 419 2051 quam
441 1968 486 2030 sit
506 1968 600 2030 matri
623 1970 768 2034 acerbum
792 1982 824 2032 et
845 1988 940 2050 grave
962 1969 1080 2032 liberos
1096 1967 1390 2042 occidere,taudem
1406 1967 1576 2050 aliquando

322 2069 450 2132 summis
483 2068 582 2132 animi
615 2071 804 2134 cruciatibus
836 2070 944 2134 sentit.
987 2069 1141 2152 Agitatur
1172 2076 1249 2132 tunc
1281 2068 1407 2132 demum
1437 2076 1469 2132 et
1490 2069 1577 2132 labat

323 2169 598 2234 constantissimus
621 2173 744 2236 animus
768 2181 799 2236 et
821 2171 912 2254 quasi
934 2177 1013 2234 aestu
1034 2171 1169 2252 quodam
1193 2169 1408 2250 reciprocatus
1429 2170 1577 2233 modoad

323 2271 520 2334 iracundiam
553 2274 700 2353 assurgit,
733 2273 826 2336 modo
859 2273 900 2336 ad
931 2272 1083 2353 pietatem
1118 2270 1279 2334 relabitur.
1323 2272 1367 2334 Et
1395 2271 1462 2352 jam
1484 2269 1576 2352 plane

323 2371 448 2436 mollita
486 2381 518 2436 et
555 2374 658 2437 fracta
695 2375 828 2438 deficere
865 2394 899 2436 se
937 2373 1075 2437 animum
1107 2381 1140 2434 et
1172 2372 1316 2436 deserere
1350 2373 1481 2448 clamat,
1511 2372 1576 2453 jam

322 2473 404 2538 iram
445 2473 568 2549 valere,
604 2477 710 2540 valere
746 2475 914 2558 pristinum
950 2474 1114 2539 consilium
1149 2473 1249 2554 jubet.
1302 2472 1366 2538 Sed
1402 2473 1515 2554 pungit
1546 2480 1577 2536 et

322 2575 468 2638 stimulat
499 2576 616 2638 atrocis
648 2576 773 2658 injuria
806 2574 973 2652 mamo'ria3
995 2583 1142 2639 versatur
1164 2582 1237 2639 ante
1259 2575 1364 2638 oculos
1386 2572 1524 2638 irridens
1546 2581 1578 2638 et

324 2676 486 2738 exsultans
517 2678 630 2754 Iasou3
663 2686 808 2742 vereatur
841 2678 938 2740 ctiam
969 2695 1147 2758 puerorum,
1179 2675 1207 2738 si
1239 2674 1340 2738 vitam
1363 2674 1578 2756 produxerint,

323 2776 439 2840 misera
472 2783 504 2838 et
536 2777 665 2842 adflicta
696 2779 851 2842 condicio.
894 2781 975 2842 Tum
1008 2797 1083 2840 varo
1105 2776 1256 2858 supplicii
1279 2777 1357 2856 ejus,
1379 2776 1462 2858 quod
1484 2795 1578 2858 quum

325 2877 463 2942 maxime
495 2879 638 2954 sumitur,
671 2880 863 2961 cogitatione
897 2887 930 2942 et
961 2877 1141 2960 spectaculo
1164 2877 1321 2959 pascitur3
1341 2877 1407 2958 jem
1432 2895 1576 2942 coronam

324 2978 420 3060 capiti
452 2979 575 3061 pellicis
609 2980 791 3056 herentem,
810 2981 878 3061 jam
901 2979 1064 3043 venenatis
1086 2979 1211 3060 ignibus
1234 2978 1458 3059 deflagrantem
1480 2979 1579 3061 virgi-

324 3099 394 3144 nem
417 3080 526 3144 cernit.
559 3081 610 3144 Ita
633 3083 803 3146 ulciscendi
825 3082 991 3163 voluptate
1013 3080 1156 3144 delibata
1178 3080 1219 3142 ad
1234 3078 1404 3160 pristinum
1420 3079 1577 3163 ingenium

324 3180 423 3257 radit3
445 3182 532 3244 victa
551 3183 618 3263 jam
641 3183 744 3264 pietas
767 3182 1014 3265 conclamatique
1036 3181 1125 3263 pueri
1148 3191 1232 3244 sunt.

410 3284 488 3346 Haec
520 3284 658 3366 agitanti
692 3304 762 3348 ecce
786 3284 912 3348 nuntius
935 3283 1098 3357 anhelans,
1121 3291 1157 3344 ut
1178 3283 1285 3362 procul
1307 3283 1380 3348 inde
1401 3301 1471 3346 sese
1492 3281 1579 3344 abri-

325 3383 394 3466 piat
425 3384 523 3460 ocius,
555 3386 687 3462 clamet3
720 3387 869 3451 Creusam
902 3393 935 3448 et
961 3385 1128 3448 Creontem
1151 3383 1359 3447 acerbissima
1380 3392 1482 3448 morte
1504 3402 1579 3447 oon-

323 3493 482 3567 sumptos;
504 3487 719 3568 adproperare
741 3489 887 3552 Iasonem
910 3487 1019 3549 dolore
1041 3492 1075 3547 et
1094 3485 1143 3548 ira
1165 3485 1331 3548 furentem.
1373 3486 1471 3549 Nulla
1492 3501 1579 3548 mora

324 3584 551 3666 interponitur:
574 3589 738 3670 praecisam
760 3588 1001 3663 dubitationem,
1023 3585 1191 3649 morituros
1213 3585 1320 3668 utique
1341 3587 1459 3650 liberos
1474 3585 1580 3662 videt3

323 3705 420 3750 suane
454 3707 493 3750 an
516 3688 624 3752 aliena
646 3709 752 3766 manu,
773 3689 806 3752 id
829 3699 953 3754 tantum
977 3690 1104 3752 reterre.
1147 3686 1250 3749 Vadit
1271 3687 1312 3750 ad
1333 3687 1580 3768 perpetrandam

325 3787 438 3852 caedem
462 3796 557 3870 atque
580 3791 658 3854 adeo
686 3788 865 3874 repugnans
888 3800 920 3854 at
941 3789 1046 3852 invita
1067 3787 1277 3863 abstrahitur,
1300 3807 1392 3870 quum
1415 3809 1452 3851 ea
1473 3796 1580 3852 extra-

326 3887 386 3952 mis
409 3889 476 3970 ejus
498 3892 604 3954 verbis
626 3893 785 3967 mestitia,
807 3893 907 3956 eade
930 3890 1014 3955 omui
1037 3888 1158 3970 reliqua
1179 3887 1248 3951 vita
1270 3889 1452 3970 desperatio
1475 3889 1581 3954 decla-

326 3984 423 4064 ratur,
445 4000 479 4054 ut
501 4011 561 4054 non
585 3994 626 4056 ab
650 3994 715 4057 alio
731 4013 849 4076 poenas
872 3999 1031 4076 expetere,
1046 3991 1102 4054 sed
1116 3989 1188 4072 ipsa
1201 4007 1293 4072 quum
1309 3991 1446 4054 maxime
1458 3991 1580 4054 solvere

325 4091 478 4156 uideatur.
511 4093 623 4158 Pueris
644 4095 811 4159 trucidatis
833 4092 1059 4176 adproperanti
1080 4090 1186 4154 Iasoni
1215 4098 1257 4166 et,
1279 4111 1317 4153 ne
1330 4089 1450 4174 quidin
1463 4093 1579 4174 liberos

326 4211 346 4254 a
369 4191 546 4256 Corinthiis
569 4196 764 4272 decernatur,
786 4196 969 4260 exanimato
991 4201 1084 4268 metu,
1106 4191 1255 4255 defuncta
1273 4192 1340 4274 jam
1362 4192 1431 4255 vita
1448 4212 1581 4275 corpora

327 4294 480 4371 ostendit3
512 4302 578 4359 turn
606 4297 653 4361 illi
677 4305 709 4362 et
730 4298 833 4361 soclus
855 4304 888 4359 et
910 4295 1037 4358 sceleris
1059 4303 1219 4357 auctorem
1242 4294 1404 4356 aversanti
1426 4294 1581 4374 improbi-

325 4402 424 4458 tatem
461 4403 494 4458 at
514 4399 678 4478 perfidiam
701 4400 841 4464 vicissim
865 4397 1014 4460 ferociter
1036 4395 1196 4458 exsultans
1220 4393 1347 4476 objicit3
1369 4395 1529 4459 humiliter
1551 4403 1583 4458 et

327 4497 463 4560 demisse
486 4499 620 4579 roganti,
642 4509 678 4564 ut
699 4509 870 4564 attrectare
892 4499 954 4562 sibi
975 4497 1088 4560 saltem
1110 4503 1142 4558 et
1164 4495 1299 4576 sepelire
1321 4504 1461 4560 momuos
1477 4496 1581 4572 liceat,

326 4598 457 4679 praecise
479 4610 584 4682 neget,
606 4609 707 4666 semet
726 4602 829 4686 ipsam
852 4603 885 4666 in
913 4598 1052 4665 Juuonis
1075 4597 1213 4680 quodam
1235 4597 1355 4679 templo
1377 4596 1581 4664 humatarum
