3554 5406
307 491 345 548 18
791 491 821 548 0.
844 493 876 550 ld.
898 492 1070 550 Ssudstrhm.

302 659 474 726 consimile
496 669 554 739 est,
575 661 720 743 precihus
743 681 866 746 quoque
887 681 1013 727 movere
1034 661 1162 728 Ulixem
1185 662 1235 726 vel
1258 663 1357 726 alium
1379 665 1558 748 quempiam

304 771 436 826 conatur
456 763 690 840 Andromacha,
713 763 792 827 nihil
815 765 902 828 aliud
924 765 1129 847 restat,quod
1151 764 1276 827 Seuecae
1298 767 1460 848 proprium
1483 786 1558 848 pns-

303 863 347 926 sia
381 882 506 941 vocare,
529 884 620 947 quam
644 865 728 947 qnod
750 864 802 927 hio
822 865 855 929 in
878 864 980 946 patris
1003 864 1203 946 sepulchrum
1227 885 1307 946 puer
1329 867 1507 930 demittitur
1528 876 1561 929 et

303 966 385 1046 quod
429 965 496 1044 ejus
529 965 708 1048 requirendi
742 965 901 1047 negotium
932 965 1045 1031 Ulixes
1076 965 1146 1048 ipse
1179 967 1327 1048 suscepit.
1381 968 1434 1033 Ad
1469 968 1552 1050 quod

303 1074 508 1130 commentum
542 1087 604 1149 qua
636 1068 690 1129 via
723 1066 914 1148 pervenerit,
947 1067 1040 1129 facile
1074 1075 1123 1130 est
1144 1067 1315 1130 intellectu.
1358 1069 1442 1132 Nam
1464 1089 1558 1151 quum

302 1166 380 1228 illud
404 1167 441 1229 de
463 1168 552 1248 pueri
576 1168 784 1232 occultatione
808 1168 983 1248 accepisset
1004 1188 1023 1231 a
1045 1167 1214 1249 Sophocle,
1230 1169 1434 1232 fluctuantem
1451 1180 1557 1234 autem

300 1267 385 1330 inter
417 1268 472 1331 filii
502 1277 534 1332 et
556 1269 697 1350 conjugis
721 1268 885 1332 caritatem
908 1268 1152 1332 Andromachen
1174 1269 1345 1351 Euripides
1368 1271 1557 1346 induxisset,

300 1376 366 1430 tum
388 1370 517 1449 putavit
538 1371 648 1434 homm
671 1371 839 1433 affectuum
862 1370 959 1432 multo
983 1371 1159 1450 graviorem
1183 1377 1215 1433 et
1229 1371 1380 1434 acriorem
1394 1373 1461 1435 fore
1474 1371 1558 1435 inter

300 1487 370 1532 sese
393 1471 627 1534 contentionem
652 1478 684 1534 et
706 1490 854 1552 pugnam,
876 1471 903 1533 si
925 1471 992 1534 haec
1015 1490 1136 1552 quoque
1150 1479 1244 1534 atrox
1256 1479 1288 1534 et
1301 1473 1371 1536 dira
1384 1493 1423 1536 ex
1436 1473 1557 1536 duabus

298 1569 481 1634 miserrimis
515 1572 609 1635 rebus
642 1571 829 1636 alterutram
857 1572 992 1653 eligendi
1028 1579 1113 1635 esset
1134 1571 1237 1634 allata
1259 1573 1446 1637 necessitas:
1471 1575 1556 1656 quod

300 1670 462 1735 inventum
485 1673 688 1737 vehementer
709 1673 834 1754 placere
858 1673 994 1736 debebat
1013 1673 1133 1736 homini
1156 1674 1188 1735 in
1210 1675 1434 1739 controversiis
1450 1674 1557 1738 decla·

301 1773 424 1836 mandis
447 1773 577 1836 multum
600 1774 667 1838 siue
691 1774 785 1838 dubio
807 1776 965 1840 volutato:
990 1793 1069 1857 quas
1087 1773 1267 1855 hujusmodi
1283 1777 1466 1858 plerumque
1481 1795 1557 1858 pro-

298 1873 430 1956 digiosis
463 1875 682 1957 perplexisque
716 1895 818 1939 rerum
852 1875 1089 1940 condicionibus
1117 1876 1271 1940 contineri
1294 1877 1448 1942 videmus.
1492 1877 1555 1941 Sed

299 1993 466 2056 pergemus
488 1975 529 2038 ad
552 1976 683 2059 reliqua.

382 2112 495 2175 Potest
516 2105 613 2192 igitur
634 2111 667 2174 iu
694 2112 735 2174 iis
758 2130 890 2194 quoquc,
913 2131 980 2194 quee
1002 2119 1182 2195 sequuntur,
1204 2113 1303 2176 stulta
1325 2113 1466 2196 quadam
1488 2115 1555 2195 ejus

298 2231 448 2274 uovorum
481 2220 729 2276 commentorum
756 2213 944 2294 reprehendi
977 2214 1101 2295 cupido.
1143 2215 1224 2277 Nam
1252 2217 1334 2297 quod
1358 2215 1435 2277 lacit
1458 2216 1555 2278 Hele-

296 2331 369 2375 nam
391 2313 526 2394 imperio
549 2313 729 2378 Graecorum
754 2322 895 2377 coactam
918 2315 1088 2398 Polyxenae
1110 2315 1226 2398 Pyrrhi
1244 2322 1458 2380 ostentantem
1474 2335 1554 2398 nup-

295 2413 371 2489 tias,
404 2422 439 2479 ut
470 2414 527 2476 illa
558 2415 693 2496 nuptiali
720 2415 802 2478 cultu
837 2421 949 2478 ornata
971 2416 1011 2478 ad
1033 2425 1165 2479 mortem
1187 2416 1332 2492 ducatur,
1355 2418 1387 2479 id
1411 2417 1554 2499 equidem

295 2535 407 2597 neque,
430 2517 512 2578 uude
535 2517 717 2597 sumpserit,
739 2516 804 2578 scio
827 2535 938 2598 neque,
961 2537 1014 2580 cur
1037 2517 1175 2594 novarit,
1197 2517 1355 2598 intelligo:
1378 2519 1553 2600 praesertim

295 2635 392 2697 quum
428 2617 617 2680 discutiatur
647 2617 756 2699 paullo
784 2625 858 2699 post
880 2617 1073 2681 mendacium
1097 2617 1175 2680 illud
1198 2619 1290 2680 etad
1316 2619 1449 2682 nihilum
1472 2619 1554 2682 reci-

296 2717 361 2778 dat.
403 2717 563 2780 Defuncto
597 2718 679 2780 enim
707 2719 830 2781 Helena
852 2719 1015 2793 mandato,
1037 2726 1203 2801 postquam
1226 2719 1459 2783 Andromachae
1481 2739 1554 2801 gra·

295 2818 379 2880 viter
411 2818 573 2882 accusanti
606 2821 675 2899 plus
698 2819 794 2882 multo
817 2819 1031 2882 miserationis
1054 2840 1142 2882 susm
1167 2840 1259 2902 quam
1283 2821 1413 2884 invidiae
1435 2821 1553 2884 habere

296 2919 514 2983 condicionem
537 2920 711 3002 respondit,
744 2921 1017 3002 prorumpentibus
1040 2922 1081 2983 ad
1103 2930 1277 2984 extremum
1299 2922 1447 2996 lacrimis,
1470 2921 1554 3005 quod

297 3029 426 3085 maneat
457 3021 608 3101 virginem
642 3022 749 3096 letum,
771 3029 880 3104 aperte
915 3022 1105 3105 remotisque
1138 3023 1276 3086 fallaciis
1299 3024 1447 3087 ostendit.
1491 3023 1553 3095 Qui

296 3122 423 3186 nuntius
457 3121 504 3184 ita
537 3142 557 3184 a
589 3123 754 3206 Polyxena
776 3122 942 3204 accipitur,
964 3129 1010 3200 ut,
1039 3143 1108 3206 quae
1130 3125 1223 3188 modo
1246 3123 1375 3206 nuptias
1398 3125 1470 3188 illas
1491 3144 1553 3188 uon

296 3242 384 3286 secus
418 3243 456 3286 ac
478 3231 608 3286 mortem
634 3223 807 3297 horruerat,
828 3223 894 3304 jam
918 3224 960 3286 ad
995 3233 1128 3288 mortem
1151 3232 1216 3288 tam
1239 3225 1310 3288 laeto
1333 3226 1437 3289 auimo
1459 3226 1553 3288 festi·

295 3332 357 3398 net,
393 3343 486 3405 quam
520 3325 560 3388 ab
582 3323 656 3388 aliis
688 3325 842 3388 celebrari
864 3325 982 3406 nuptiae
1005 3326 1120 3389 solent:
1145 3345 1212 3407 quae
1233 3335 1339 3389 tamen
1363 3345 1426 3391 nou
1448 3328 1553 3409 ipsam

296 3427 471 3500 ostendere,
493 3425 549 3488 sed
582 3427 623 3488 ab
654 3425 880 3489 Andromacha
912 3426 1082 3508 significari
1115 3427 1270 3490 videmus.
1313 3429 1365 3491 Ita
1393 3427 1477 3490 enim
1500 3428 1553 3491 hic

295 3525 462 3608 institutus
485 3534 534 3589 est
554 3527 650 3601 locus,
673 3537 716 3603 ut,
729 3547 822 3610 quum
844 3545 987 3607 personae
1010 3528 1041 3590 in
1064 3547 1190 3590 scenam
1207 3528 1368 3609 producta
1380 3527 1446 3592 sint
1457 3537 1553 3611 quat-

295 3635 376 3701 tuor,
398 3627 532 3703 Helena,
554 3626 790 3704 Andromacha,
812 3629 953 3702 Hecuba,
974 3628 1151 3712 Polyxena,
1174 3647 1221 3703 ea,
1234 3629 1320 3710 cujus
1341 3630 1394 3693 hic
1415 3629 1551 3694 maxime

294 3729 380 3792 salus
413 3736 525 3810 agatur
547 3748 683 3810 quaeque,
704 3730 838 3811 proinde
860 3736 894 3792 ut
916 3748 966 3792 res
988 3729 1148 3806 ceciderit,
1171 3730 1308 3794 maxime
1330 3731 1447 3794 debeat
1467 3751 1552 3794 com-

296 3829 427 3905 moveri,
460 3829 526 3909 ejus
560 3829 646 3893 nulla
678 3850 741 3894 vox
763 3830 923 3906 audiatur,
945 3829 1051 3894 omnia
1072 3849 1129 3912 pro
1152 3849 1190 3893 ea
1211 3830 1438 3896 Andromacha
1459 3851 1552 3914 pera-

295 3940 360 4013 gat,
383 3931 442 4006 cui,
465 3951 504 3993 ne
527 3930 633 3993 aliena
655 3951 748 3994 sensa
771 3931 1001 4013 interpretandi
1013 3951 1124 3994 munus
1137 3930 1320 4014 susciperet,
1333 3952 1409 3997 suus
1425 3953 1463 3997 ac
1477 3953 1553 4016 pro-

295 4030 381 4113 prius
414 4031 505 4094 dolor
536 4032 761 4114 impedimento
795 4052 864 4096 esse
898 4032 1042 4096 debebat.
1087 4033 1151 4098 Sed
1173 4040 1208 4097 ut
1227 4033 1288 4097 hoc
1310 4035 1551 4116 reprehensione

295 4153 358 4196 uon
391 4133 520 4208 carebit,
552 4133 601 4196 ita
632 4134 689 4196 illa
720 4133 862 4197 nonnihil
893 4133 997 4196 laudis
1024 4143 1191 4210 merentur,
1213 4155 1307 4218 quum
1328 4137 1459 4200 Hecuba
1481 4137 1552 4200 lilia:

295 4255 401 4298 casum
434 4234 591 4314 deplorat,
623 4254 752 4317 quorum
788 4243 820 4300 et
847 4235 954 4316 gravis
976 4242 1026 4298 est
1048 4235 1139 4300 dolor
1161 4243 1203 4312 et,
1224 4243 1260 4300 ut
1281 4238 1366 4318 apud
1388 4237 1552 4314 Senecam,

295 4337 376 4400 mira
395 4334 597 4417 simplicitas:

536 4469 620 4525 Modo
640 4471 726 4526 turba
747 4470 815 4526 felix
837 4471 928 4527 latera
950 4471 1083 4542 cingebat
1104 4487 1176 4534 mea,

536 4556 672 4612 Laesabar
693 4558 724 4612 in
744 4561 789 4614 tot
811 4558 906 4615 oscula
926 4561 955 4614 et
976 4561 1070 4614 totum
1092 4573 1205 4629 gregem

536 4643 665 4701 Dividere
685 4648 814 4702 matrem.
859 4645 925 4702 Sola
945 4662 1020 4701 nuuc
1041 4646 1101 4700 hoec
1122 4647 1165 4702 est
1185 4659 1269 4715 super

536 4731 642 4789 Votum
663 4748 754 4790 comes
775 4733 904 4790 levamen
925 4733 1045 4790 adflicta
1066 4733 1152 4806 quies.
