3508 5404
546 492 587 548 De
609 491 640 548 Ia.
664 491 763 548 Amasi
782 489 894 550 &neon
914 489 1085 562 Pi‘rttgoodiis.

425 676 561 732 Thebano
581 679 665 745 rapto
686 678 799 746 sceptra
819 674 869 746 qni
889 691 977 746 regno
999 677 1088 738 tenet,

426 763 492 820 Non
512 763 567 821 hun
589 768 718 822 osterum
737 763 811 820 alter
834 763 974 834 ugolinus
996 777 1091 833 agens.

425 850 490 905 Non
512 851 536 904 si
557 851 668 908 revulso
689 851 821 922 luppiter
842 849 946 906 mundo
967 851 1048 906 tonet

426 937 605 1007 Mediumque
627 939 735 994 nostros
757 937 864 992 fulmen
889 937 919 992 in
942 953 1029 992 nexus
1052 935 1150 1000 cadat,

425 1025 542 1080 Menum
563 1024 636 1079 hane
658 1024 812 1080 remittam.

980 1129 1007 1166 v.
1032 1111 1170 1166 55-61.

268 1264 504 1328 Phoenissarurn
528 1285 597 1328 vero
620 1264 783 1346 fragmenti
807 1266 894 1345 longe
916 1265 976 1327 elia
998 1272 1043 1340 et,
1066 1273 1100 1327 ut
1121 1263 1194 1326 milri
1218 1263 1336 1346 quidem
1359 1263 1446 1327 vide·

183 1375 250 1441 tur,
277 1366 381 1430 melior
408 1388 500 1430 causa
527 1376 584 1431 est.
627 1367 711 1430 Nihil
740 1365 786 1430 hic
809 1366 957 1450 reperias,
990 1367 1068 1449 quod
1090 1366 1239 1429 clausores
1261 1375 1293 1428 et
1315 1363 1448 1428 admire-

183 1467 297 1541 tiones,
330 1467 404 1530 nihil
434 1478 534 1532 temen
565 1468 643 1550 quod
670 1468 771 1530 odium
802 1477 833 1530 et
859 1487 1002 1530 nauseam
1030 1477 1166 1544 rnoveat;
1196 1476 1232 1530 at
1253 1465 1449 1530 tolerabiliter

184 1568 325 1650 pleraque
356 1570 455 1646 dicta,
487 1570 631 1632 nonnulle
662 1589 736 1632 sane
768 1589 804 1632 ac
830 1588 915 1650 paene
944 1568 1070 1630 dixerim
1093 1569 1179 1630 bene.
1224 1567 1447 1650 Argumentum

186 1688 301 1751 quoqne
328 1669 454 1736 electum
476 1669 653 1754 prudentius
682 1670 722 1732 ad
746 1689 830 1733 veros
852 1690 957 1732 sensus
986 1679 1016 1732 et
1039 1669 1188 1752 simplices
1218 1670 1447 1752 expromeudos:

185 1780 336 1834 tractatur
357 1772 436 1834 eninr
459 1771 508 1834 ille
531 1791 569 1836 ex
590 1770 767 1834 Phoenissis
790 1770 945 1852 Euripidis
969 1771 1051 1834 locus
1073 1770 1199 1845 nobilis,
1221 1770 1272 1833 ubi
1293 1771 1363 1834 filiis
1384 1789 1449 1834 mu·

186 1885 238 1934 tuo
260 1871 389 1934 infensis
411 1873 529 1936 Iocaste
551 1891 655 1954 pacem
677 1880 709 1934 et
730 1873 923 1944 concordiam
946 1872 1069 1936 suadet:
1102 1871 1159 1936 boo
1180 1883 1281 1938 tamen
1304 1872 1450 1948 interest,

185 1970 393 2054 quod,'qunm
417 1975 496 2056 apud
518 1973 693 2054 Euripidem
717 1973 775 2035 duo
797 1983 933 2055 tempora
954 1973 1121 2052 fingantur,
1143 1973 1250 2054 qulbus
1273 1972 1350 2035 filios
1371 1973 1451 2036 inter

186 2093 218 2134 se
240 2075 359 2154 placare
382 2085 477 2138 mater
498 2083 638 2148 conetur,
665 2093 756 2136 unum
780 2084 851 2137 ante
873 2073 978 2137 initam
1000 2091 1147 2154 pugnem,
1178 2093 1268 2156 quom
1290 2073 1450 2156 Polynices

185 2174 243 2237 fide
266 2183 392 2257 accepta
414 2177 516 2238 urbem
540 2177 578 2238 ob
601 2175 633 2238 id
654 2175 749 2257 ipsum
772 2174 936 2250 introierit,
957 2175 1100 2250 alterum,
1122 2176 1200 2257 quod
1221 2184 1361 2238 narretur
1378 2183 1449 2238 ton-

186 2277 355 2362 tummodo‚
377 2297 435 2340 uon
458 2284 705 2360 representatur,
728 2296 819 2358 quum
842 2277 919 2339 inter
941 2277 1024 2358 ipsas
1047 2277 1128 2339 acies
1150 2283 1295 2358 provecta
1312 2277 1377 2356 jam
1400 2275 1448 2338 di-

187 2377 332 2440 micantes
354 2388 477 2440 conetur
500 2379 654 2454 dirimere,
682 2397 771 2459 quurn
794 2377 860 2440 lraee
881 2377 974 2458 igitur
994 2377 1033 2440 ab
1056 2377 1201 2458 Euripide
1227 2377 1288 2439 duo
1310 2387 1450 2460 temporo

186 2477 382 2554 inducentur,
410 2479 526 2544 Seneca
553 2478 660 2560 prioris
681 2478 762 2542 illins
784 2479 928 2562 temporis
951 2478 1102 2541 orationes
1130 2479 1170 2542 ed
1193 2479 1275 2545 hune
1295 2477 1450 2560 posterio-

161 2598 248 2667 rem
277 2599 468 2661 congressum
495 2579 665 2652 transtulit,
701 2589 735 2643 ut
763 2578 827 2654 hic,
859 2579 934 2643 inito
963 2579 1088 2660 proelio,
1121 2598 1156 2644 eo
1185 2581 1252 2662 ipso
1282 2579 1366 2659 loco,
1399 2578 1452 2651 ubi

186 2689 355 2762 pugnatur,
383 2691 479 2746 mater
500 2681 577 2746 filios
599 2681 778 2763 alloquatur.
822 2681 920 2743 Multa
942 2679 1032 2762 igitur
1054 2688 1151 2745 mater
1172 2683 1311 2746 dolenter
1339 2689 1371 2743 et
1393 2679 1451 2742 mi-

186 2781 370 2858 serabiliter,
392 2793 426 2846 ut
447 2783 525 2846 haec:

786 2883 877 2954 Junge
899 2882 1061 2954 complexus
1082 2883 1158 2954 prior

430 2969 483 3036 Qui
504 2972 550 3026 tot
572 2970 682 3026 labores
701 2971 802 3040 totque
823 2987 969 3040 perpessus
991 2969 1069 3026 mala

429 3057 526 3129 Longo
547 3059 695 3127 parentem
716 3057 801 3115 fessus
823 3057 909 3113 exilio
931 3056 1019 3113 vides.

431 3144 540 3199 Accede
561 3143 685 3215 propius.
730 3143 816 3200 Olude
838 3146 944 3216 vagina
965 3143 1084 3215 impium

430 3231 531 3286 Ensem
553 3235 582 3286 et
603 3232 771 3286 trementem
789 3231 905 3304 jamque
927 3231 1086 3302 cupientem
1108 3229 1202 3286 excuti

431 3317 552 3374 Hastam
574 3318 633 3375 solo
655 3317 753 3389 defige.
797 3318 958 3374 Maternum
980 3321 1030 3374 tuo

431 3404 511 3461 (loire
531 3407 630 3474 pectus
651 3405 760 3474 pectori
782 3403 887 3475 clipeus
909 3407 1002 3460 vetet:

430 3492 513 3547 Hune
534 3507 645 3562 qnoque
667 3505 779 3562 repone.
823 3491 944 3548 Vinculo
964 3491 1087 3548 frontem
1108 3505 1178 3546 exue

432 3579 630 3652 Tegumenque
651 3579 754 3650 eapitis
775 3579 856 3636 triste
878 3576 1008 3650 belligeri
1028 3578 1093 3634 leva

431 3665 469 3726 Et
490 3683 540 3724 ora
560 3665 647 3722 matri
667 3664 760 3722 redde.

986 3770 1013 3808 r.
1040 3750 1219 3806 loe-111.

275 3885 377 3958 Quam
399 3909 470 3954 rere
491 3889 559 3972 plus
580 3909 647 3953 eum
672 3908 778 3954 amens
800 3895 900 3952 mater
921 3889 1090 3965 inducitur,
1111 3889 1160 3970 qni
1182 3889 1251 3971 plus
1269 3888 1456 3954 balneatori»

191 3987 351 4054 semerom!
395 3990 495 4063 Quum
518 4000 619 4054 autem
643 3990 747 4054 molles
769 3991 828 4054 illm
850 3989 1017 4066 blanditiae,
1040 3991 1148 4072 quibos
1170 3998 1324 4072 tamqnam
1347 3990 1455 4070 ludens

193 4089 285 4166 muris
315 4110 381 4154 euru
412 4093 509 4159 exuit!
552 4093 619 4155 Aut
640 4090 714 4154 nibil
736 4111 878 4174 nmquam
901 4091 1020 4155 Seneca
1040 4091 1117 4154 bene
1144 4101 1199 4154 ent
1221 4092 1284 4154 beo
1303 4100 1385 4154 nerto
1407 4089 1455 4154 nel

192 4189 313 4270 optime.
361 4193 462 4266 Quid?
503 4192 604 4266 Quum
635 4192 799 4278 Polynices
828 4192 919 4260 metri
946 4211 1083 4258 securum
1112 4213 1145 4256 se
1173 4213 1239 4256 esse
1262 4192 1385 4272 jubenti
1410 4192 1455 4254 ito
1544 4219 1547 4224 ·

192 4293 366 4372 respondet:

437 4395 546 4455 'l'imeoc
568 4393 641 4452 nihil
659 4393 721 4464 jam
740 4395 807 4466 jure
828 4396 937 4452 natura
958 4395 1065 4452 ualent.

435 4483 501 4540 Post
522 4485 579 4542 iste
599 4481 719 4539 fratrum
740 4482 870 4553 exempla
891 4497 926 4538 na
948 4481 1035 4540 matri
1057 4479 1169 4551 quidem

393 4631 396 4642 ,
435 4570 516 4626 Fides
536 4567 667 4628 habenda
688 4569 739 4624 eet.

988 4673 1016 4711 v.
1042 4605 1202 4711 116-1e.³
1236 4633 1239 4641 '
