3554 5406
576 523 617 580 De
639 524 670 580 L.
694 525 793 582 Annaei
814 525 924 582 Senecae
945 525 1115 597 hhagoediis.

219 693 304 757 Satis
326 693 436 756 similis
458 695 508 757 hic
532 695 614 758 locus
636 695 672 770 ei,
694 695 744 778 qui
766 697 863 760 estin
885 695 1038 779 Euripidis
1059 698 1203 760 Hecuba:

518 796 639 879 τύμβου
659 791 690 859 δ’
697 794 826 880 Ιἐπιβοὶς

518 897 607 963 οἶσθ’
628 897 681 964 rias
700 901 843 986 χρυσέοις
862 895 969 985 ἐφάνη
987 893 1046 963 σὺν
1066 897 1180 974 ὅπλοις

517 995 575 1075 τὰς
595 1001 816 1088 ποντοπόρους
836 999 866 1065 δ’
886 999 956 1083 ἔσχε
977 999 1105 1083 σχεδίας

519 1100 621 1189 λαίφη
639 1103 808 1190 προτόνοις
821 1101 1066 1190 ἓπερειδομένας

520 1202 596 1269 τάδε
617 1203 788 1272 θωΰσσων·

519 1317 579 1372 ποτ
597 1307 646 1394 δή,
670 1310 804 1386 Δαναοί,
826 1303 884 1374 τὸν
904 1302 982 1391 ἐμὸν
1002 1305 1123 1392 τύμβον

518 1406 681 1476 (resilienti¹
702 1408 880 1501 ἀγέραστον
901 1407 1051 1498 uiatores,

975 1511 1128 1578 109—15.

302 1643 498 1729 Talthybium
531 1658 634 1712 autem
667 1649 820 1714 subsecuti
841 1650 1049 1731 Agamemnon
1078 1655 1109 1710 et
1129 1645 1274 1730 Pyrrhus,
1296 1646 1365 1708 dum
1388 1645 1479 1708 vehe-

221 1745 405 1808 mentissime
437 1748 515 1811 inter
547 1769 579 1811 se
612 1751 649 1813 de
679 1750 838 1834 Polyxena
869 1751 1052 1815 immolanda
1080 1748 1273 1824 contendunt,
1300 1746 1386 1830 quasi
1408 1747 1482 1810 nibil

220 1845 341 1908 omnino
363 1848 400 1932 de
421 1847 556 1913 horribili
577 1851 628 1914 illo
650 1851 785 1934 prodigio
807 1853 987 1928 audiverint,
1009 1852 1068 1926 hic,
1090 1869 1127 1912 ne
1149 1849 1268 1912 debitus
1290 1848 1370 1930 patri
1384 1848 1480 1912 honos

222 1955 356 2026 negetur,
378 1947 452 2012 nihil
475 1951 556 2014 aliud
578 1971 666 2034 quam
688 1953 816 2016 virtutes
838 1954 903 2035 ejus
925 1953 1053 2027 extollit,
1075 1952 1218 2014 victorias
1239 1957 1405 2025 enumeret,
1420 1950 1480 2025 ille,

218 2067 255 2108 ne
277 2047 400 2111 immani
422 2053 534 2115 scelere
557 2051 657 2117 Graeci
680 2055 862 2135 polluantur,
884 2073 967 2117 suam
991 2053 1178 2117 clementiam
1200 2060 1232 2114 et
1252 2051 1481 2128 humanitatem,

218 2147 348 2212 Achillis
381 2158 413 2213 et
444 2153 553 2236 Pyrrhi
574 2154 745 2236 snperbiam
764 2155 873 2237 jactat.
916 2156 967 2218 Ita
988 2153 1186 2220 Calchantem
1207 2153 1372 2234 appellant,
1394 2153 1479 2234 cujus

218 2248 359 2313 vaticinio
393 2253 580 2317 dubitatione
601 2256 726 2337 praecisa
747 2276 806 2319 non
829 2255 987 2340 Polyxena
1007 2255 1113 2331 solum,
1134 2256 1188 2317 sed
1210 2255 1302 2317 etiam
1317 2255 1480 2338 Astyanax

219 2350 307 2412 morti
340 2351 520 2419 destinatur.
562 2356 647 2419 Nihil
682 2357 786 2420 borum
809 2359 840 2420 in
867 2357 983 2422 Graecis
1006 2356 1190 2432 Troadibus3
1212 2355 1242 2418 in
1264 2354 1393 2419 Hecuba
1413 2356 1479 2418 En·

218 2450 322 2532 ripidis
332 2450 363 2538 ¹)
395 2454 573 2536 significatio
605 2466 724 2522 tantum
753 2459 947 2522 dissensionis
967 2458 1049 2522 inter
1068 2476 1206 2539 proceres
1228 2456 1404 2530 Graecorum
1423 2475 1479 2518 ex·

217 2559 312 2628 ortae;
344 2573 525 2637 quamquam
558 2557 589 2622 in
615 2559 719 2623 eadem
742 2558 855 2635 sabula,
876 2579 966 2642 quum
989 2558 1118 2622 Hecuba
1138 2557 1222 2624 Ulixi
1243 2557 1477 2620 misericordiam

217 2671 334 2716 movere
362 2667 499 2733 conatur,
521 2657 583 2734 illa,
605 2669 639 2722 nt
660 2659 709 2724 bie
729 2660 947 2742 Agamemnon,
969 2659 1177 2724 crudelitatem
1200 2658 1314 2722 consilii
1330 2660 1476 2740 exagitat,

217 2752 325 2816 Ulixes
357 2766 457 2820 autem
490 2760 594 2824 eadem
627 2762 701 2835 lere,
722 2781 788 2843 quae
810 2763 891 2844 apud
918 2762 998 2824 hunc
1019 2761 1243 2842 Neoptolemus,
1264 2767 1378 2824 tuetur:
1401 2761 1476 2823 bene

217 2855 329 2918 meritis
362 2859 398 2920 de
431 2861 583 2941 republica
608 2862 724 2926 civibus
745 2863 873 2942 gratiam
894 2862 997 2926 sedulo
1020 2882 1085 2925 esse
1107 2863 1307 2938 reserendam3
1329 2860 1477 2924 verisimi-

85 2956 92 2968 '
217 2954 275 3017 lius
308 2966 409 3021 tamen
442 2961 570 3036 videtur,
603 2964 681 3046 quod
712 2964 876 3027 Welclrero
908 2963 1009 3045 placet
1017 2963 1057 3049 ³),
1079 2982 1118 3025 ex
1138 2963 1293 3046 Polyxena
1316 2961 1475 3044 Sophoclis

217 3055 283 3119 baec
314 3059 446 3123 fluxisse.
489 3063 643 3126 Praeterea
674 3064 822 3127 neminem
855 3065 940 3146 fugit,
971 3083 1059 3146 quarn
1092 3065 1134 3128 sit
1164 3065 1407 3127 accommodatus
1428 3062 1477 3126 hic

217 3156 299 3220 locus
320 3159 360 3222 ad
381 3161 596 3227 instituendam
620 3165 656 3227 de
678 3166 822 3228 secundis
843 3167 934 3230 rebus
955 3165 1108 3247 sapienter
1129 3165 1256 3228 ferendis
1278 3165 1477 3228 moderanda-

216 3277 274 3340 qne
306 3260 388 3341 regia
408 3264 548 3344 potentia
569 3265 817 3330 declamationem
824 3286 834 3343 ;
866 3268 915 3350 qui
942 3267 1024 3330 loeus
1046 3276 1081 3330 ut
1101 3265 1319 3329 sententiarum
1340 3265 1476 3346 argutia·

216 3379 340 3443 mmqne
363 3364 449 3445 copia
480 3366 639 3444 redundat,
660 3367 704 3430 ita
725 3387 872 3449 personas
895 3369 992 3432 acrius
1014 3374 1116 3432 tamen
1138 3386 1228 3449 quam
1250 3367 1405 3431 honestius
1427 3366 1476 3429 al·

215 3469 368 3525 tercentos
388 3464 492 3529 babet.

300 3562 403 3646 Atque
424 3566 489 3630 haec
512 3567 641 3650 quidem,
662 3569 742 3632 sient
764 3570 934 3634 laciendum
955 3567 1013 3632 erit
1033 3568 1063 3632 in
1086 3568 1242 3651 plerisque,
1257 3568 1476 3652 breviterper-

215 3662 377 3728 currimns:
398 3667 449 3748 qni
470 3669 605 3750 sequitur
626 3689 697 3732 vero
718 3680 816 3745 actus,
828 3671 988 3753 longiorem
1012 3669 1106 3732 multo
1128 3678 1161 3733 et
1182 3670 1397 3734 accuratiorem
1419 3671 1475 3733 de-

219 3763 333 3828 siderat
365 3767 605 3849 explicationem.
647 3771 707 3834 Hic
738 3772 816 3835 eninr
849 3774 996 3836 universa
1027 3771 1187 3852 tragoedia
1219 3772 1333 3848 lumen3
1365 3772 1395 3835 in
1417 3771 1474 3836 hoc

217 3884 304 3928 omne
326 3865 526 3933 vitiosissime
551 3870 681 3953 alioquin
704 3873 927 3954 compositionis
949 3872 1165 3954 patrocinium
1186 3872 1235 3936 hic
1256 3882 1332 3948 erat,
1353 3881 1476 3954 propter

216 3985 314 4046 quem,
349 3969 457 4033 ceteris
489 3970 599 4034 fabula
630 3972 766 4054 partibus
798 3973 952 4056 neglectis,
984 3992 1074 4055 quum
1107 3973 1258 4056 Euripidis
1287 3973 1421 4037 Troades
1441 3974 1473 4037 in

218 4067 274 4130 isti
307 4087 343 4132 ac
375 4071 505 4134 fortune
535 4092 641 4155 genere
672 4073 884 4154 posuissemus,
917 4075 1041 4140 Senecae
1065 4073 1095 4136 in
1118 4075 1267 4138 contrario
1288 4093 1393 4154 genere
1413 4093 1473 4138 uon

216 4167 420 4233 dubitavimus
444 4192 562 4254 ponere.
596 4172 694 4245 Quem
711 4175 831 4257 quidem
854 4177 961 4252 locum,
985 4176 1015 4238 id
1037 4176 1115 4256 quod
1137 4174 1185 4236 vel
1207 4175 1336 4238 maxime
1357 4195 1412 4238 nos
1434 4176 1474 4238 ad

216 4267 388 4350 diligentins
421 4293 488 4336 eum
521 4275 733 4339 recensendum
764 4276 914 4354 hortatur,
942 4277 979 4339 iis
1006 4274 1143 4339 laudibus
1165 4276 1296 4352 extollit,
1317 4275 1473 4339 eustadio

217 4371 409 4451 amplectitur
440 4374 591 4452 Kleinius,
620 4383 664 4452 ut,
686 4379 755 4440 dum
777 4377 809 4440 in
831 4377 916 4442 Ulixi
938 4396 1066 4458 persona
1087 4376 1307 4440 humanitatem
1329 4384 1360 4441 et
1381 4377 1473 4440 mise·

215 4469 388 4549 rioordiam,
421 4473 453 4537 in
486 4476 709 4541 Andromaehae
744 4479 876 4542 moribus
908 4487 1077 4543 maternum
1109 4477 1240 4542 dolorem
1274 4485 1306 4541 et
1326 4479 1472 4561 pietatem

286 4671 306 4744 ι)
328 4673 394 4731 se.
417 4675 485 4734 nee.
510 4677 668 4734 116-22.

282 4755 307 4831 2)
327 4763 399 4818 mre.
422 4763 603 4821 aet-331.

282 4841 307 4919 3)
327 4849 469 4920 welches,
493 4849 605 4910 Grieoh.
627 4851 712 4925 Trag.
735 4851 759 4920 I,
784 4852 856 4909 141.
