3508 5404
524 537 565 592 De
588 537 619 593 L.
642 538 742 594 Aunssi
764 535 874 596 Seneca
897 537 1068 612 tragoediis.

282 708 385 780 Amph.
408 708 468 764 Hoc
489 709 562 764 Juno
584 709 674 766 telum
695 711 824 766 manibus
844 709 951 766 inmisit
972 711 1038 766 tuis.

302 796 385 852 Hero.
408 795 468 852 Hoc
490 813 564 850 nuno
587 812 640 878 epo
661 801 736 856 utar.

282 882 383 954 Amph.
770 883 841 940 Ecce
863 899 949 954 quam
971 883 1101 938 miserum
1123 888 1200 941 metu

410 967 463 1024 Cor
485 969 610 1040 palpitat
631 971 784 1039 pectusque
806 971 958 1026 sollicitum
980 971 1054 1028 ferit.

300 1055 382 1112 Hero.
406 1057 515 1127 Aptata
535 1055 663 1112 harundo
686 1058 737 1112 est.

281 1143 384 1215 Amph.
771 1143 842 1197 Ecce
861 1142 922 1213 jam
944 1141 1027 1197 iacies
1049 1145 1146 1200 scelus.

301 1229 384 1286 Herc.
407 1229 511 1284 Voleus
533 1229 684 1300 sciensque.
728 1228 834 1294 Pande,
857 1229 925 1299 quid
946 1230 1007 1285 fieri
1026 1230 1126 1302 jubes?

281 1317 385 1388 Amph.
408 1315 490 1370 Nihil
512 1334 652 1388 rogamus,
675 1319 769 1372 noster
791 1317 906 1372 intuto
928 1318 970 1372 est
992 1317 1080 1374 dolor.

409 1400 534 1458 Gnatum
556 1406 636 1473 potes
658 1421 769 1460 servare
790 1405 823 1459 tu
845 1403 919 1458 solus
940 1404 1019 1469 mihi,

408 1490 523 1560 Eripere
544 1507 596 1546 nec
618 1493 659 1546 tu.
705 1491 860 1546 Maximum
882 1489 958 1547 evasi
979 1495 1096 1548 metum.

408 1576 453 1631 Sic
476 1579 569 1633 statue
592 1577 725 1648 quicquid
747 1579 857 1644 statuis,
880 1580 914 1633 ut
936 1595 1049 1633 causam
1070 1585 1150 1634 tuam

408 1663 579 1735 Famamque
601 1665 631 1720 in
653 1668 717 1721 arto
738 1668 813 1721 stare
834 1667 864 1720 et
886 1664 1005 1734 ancipiti
1026 1665 1107 1722 scias.

408 1750 466 1806 Aut
488 1751 560 1807 vivis
583 1754 633 1807 aut
655 1752 766 1810 occidis.
812 1751 893 1806 Hanc
915 1752 1039 1807 animam
1061 1753 1151 1808 levem

408 1837 573 1908 Fessamque
596 1839 672 1894 senio
694 1855 746 1894 nec
767 1840 859 1894 minus
881 1838 980 1894 fessam
1002 1841 1084 1895 malis

408 1923 441 1978 ln
464 1941 509 1980 ore
533 1927 624 1996 primo
646 1928 737 1982 teneo.
782 1926 852 1980 Tam
873 1927 954 1981 tarde
976 1928 1052 1996 patri

408 2011 506 2068 Vitam
528 2013 578 2068 dat
601 2013 723 2082 aliquis?
767 2013 832 2067 Non
855 2013 942 2068 feram
964 2014 1082 2070 ulterius
1104 2035 1226 2072 moram:

406 2097 503 2154 Letale
525 2098 598 2155 ferro
620 2101 721 2156 vulnus
743 2101 867 2170 inpresso
887 2099 1014 2155 induam.

406 2185 460 2241 Hic
481 2186 529 2240 hic
548 2186 656 2257 jacebit
677 2186 804 2242 Herculis
826 2188 888 2243 sani
909 2188 1007 2243 scelus.

298 2271 380 2329 Herc.
404 2273 469 2328 Jam
490 2289 576 2342 parce
598 2275 709 2345 genitor
732 2291 825 2344 parce.
871 2275 935 2330 Jam
956 2291 1058 2331 revoca
1080 2291 1204 2332 manum.

406 2359 559 2416 Succumbe
581 2361 680 2418 virtus.
725 2361 819 2418 Perfer
841 2363 990 2432 imperium
1013 2363 1111 2433 petris.

405 2447 460 2503 aar
482 2447 519 2502 ad
541 2448 650 2504 labores
671 2449 718 2504 hic
741 2465 851 2518 quoque
873 2449 1024 2504 Herculeus
1046 2449 1140 2505 labor:

405 2535 550 2590 vivamus.
594 2535 680 2591 Artus
702 2534 802 2591 adleva
825 2535 951 2593 adflictos
973 2537 1032 2593 solo

404 2621 512 2677 Theseu
532 2623 666 2692 parentis.
710 2623 817 2678 Dextra
838 2625 985 2680 contactus
1006 2622 1066 2694 pios

404 2708 547 2765 Scelerata
567 2709 680 2782 refugit.

275 2791 380 2865 Amph.
731 2796 812 2852 Hanc
833 2813 949 2852 manum
972 2797 1128 2867 amplector
1150 2794 1249 2860 libens,

405 2879 467 2936 Hac
489 2881 566 2936 nisus
586 2881 643 2948 ibo,
666 2883 776 2953 pectori
796 2884 870 2940 hanc
892 2901 967 2956 aegro
989 2883 1140 2940 admovens

404 2967 513 3024 Pellam
534 2969 650 3025 dolores.

964 3076 991 3112 v.
1017 3055 1197 3112 1302-28.

246 3175 367 3239 Narrat
400 3176 522 3240 Seneca
555 3177 587 3240 in
621 3175 758 3258 epistula
780 3177 893 3241 morali
916 3177 1155 3261 septuagesima
1178 3184 1295 3239 octava
1317 3175 1429 3239 adule-

161 3277 336 3364 scentulum
360 3298 393 3340 se
417 3279 605 3360 gravissimo
629 3279 738 3340 morbo
762 3279 922 3342 adflictum
946 3279 1102 3342 moriendi
1126 3277 1289 3340 consilium
1305 3276 1427 3358 cepisse

162 3384 195 3438 et
216 3380 428 3458 perfecturum
453 3380 562 3456 luisse,
586 3379 646 3443 uisi
670 3398 690 3440 a
712 3388 803 3460 patre
827 3389 911 3442 esset
933 3388 1082 3444 retentus.
1118 3379 1182 3442 Sed
1203 3379 1306 3460 ipsius
1328 3379 1427 3440 verba

160 3496 292 3558 ponam:
315 3480 424 3562 ”Saepe
447 3482 598 3562 impetum
622 3479 690 3560 oepi
713 3479 937 3562 abrumpenda
960 3482 1049 3544 vites:
1073 3478 1175 3560 patris
1199 3499 1247 3542 me
1262 3478 1428 3560 indulgen-

160 3579 279 3642 tissimi
301 3590 446 3644 senectus
468 3581 617 3645 retinuit:
642 3581 780 3662 cogitavi
809 3582 892 3644 enim
916 3601 976 3644 non
1000 3601 1092 3663 quam
1115 3581 1242 3644 fortiter
1265 3599 1321 3662 ego
1346 3579 1428 3644 mori

160 3699 301 3761 possem,
333 3683 389 3745 sed
423 3703 515 3764 quarn
550 3684 602 3745 ille
640 3683 766 3746 fortiter
789 3682 967 3746 desiderare
991 3702 1040 3745 me
1063 3675 1124 3746 non
1148 3689 1266 3763 posset.
1311 3682 1425 3762 ltaque

160 3780 316 3863 imperavi
351 3783 439 3859 mihi,
473 3791 509 3847 ut
534 3785 683 3848 viverem.
726 3782 912 3866 Aliquando
938 3784 1020 3848 enim
1044 3792 1076 3846 et
1097 3783 1205 3845 vivere
1228 3782 1355 3846 fortiter
1377 3783 1428 3844 fa-

69 3908 72 3916 ·
161 3901 230 3946 cere
254 3883 330 3946 est.'’
373 3885 449 3947 Haec
470 3884 525 3967 qui
546 3884 641 3968 leget,
663 3885 773 3946 statim
797 3884 938 3948 animum
962 3885 1029 3965 ejus
1053 3885 1145 3948 eredo
1169 3884 1324 3966 percutiet
1338 3903 1425 3945 sum-

162 4002 212 4045 nra
245 3984 328 4047 inter
360 3985 443 4048 hunc
475 4006 584 4048 verum
615 3994 646 4048 et
668 3985 754 4048 illum
777 3986 882 4048 fictum
907 4006 1014 4050 casum
1037 3985 1222 4062 similitudo,
1244 4004 1343 4067 neque
1365 3983 1426 4046 im-

160 4085 258 4165 probe
281 4086 491 4166 coujectatum
513 4088 649 4168 putabit,
671 4087 699 4148 si
722 4087 790 4167 quis
814 4107 852 4150 ex
876 4086 926 4149 his
949 4086 1151 4168 paucissimis
1174 4081 1318 4150 ve'rsibus
1334 4085 1426 4146 efflo-

161 4185 263 4250 ruisse
286 4194 447 4270 temquam
470 4189 649 4250 exsemine
671 4195 776 4250 totum
798 4188 886 4250 illum
908 4188 1008 4252 locum
1033 4188 1193 4263 statuerit,
1216 4195 1257 4262 et,
1274 4185 1424 4269 quicquid

161 4285 225 4348 illic
247 4295 364 4368 praeter
386 4289 642 4352 consuetudinem
665 4289 793 4353 Seneca
816 4289 1062 4370 deprehenditur
1083 4289 1151 4352 veri
1175 4297 1208 4352 et
1229 4286 1344 4351 sinceri
1368 4287 1426 4348 do-

161 4386 249 4462 loris,
282 4387 315 4450 id
348 4409 388 4452 ex
420 4389 514 4472 hujus
547 4410 639 4453 casus
661 4390 792 4452 fluxisse
816 4392 969 4454 memoria
992 4399 1086 4472 atque
1109 4390 1341 4462 recordatione,
1363 4406 1426 4468 qua

161 4496 344 4570 occupatus,
378 4498 445 4554 tum
479 4512 573 4575 quum
605 4491 875 4576 Amphitryonem
899 4493 1020 4556 faceret
1043 4492 1232 4574 loquentem,
1253 4508 1343 4552 suum
1366 4507 1425 4568 pa-

160 4596 241 4652 trem
263 4590 390 4654 flentem
414 4592 697 4676 obsecrantemque
719 4593 825 4656 animo
849 4599 881 4656 et
902 4593 1093 4676 cogitatione
1110 4589 1339 4675 quodammodo
1356 4607 1424 4652 cer-

161 4697 263 4755 neret.
