3508 5404
326 521 365 576 86
817 511 847 569 0.
870 513 901 568 Ε.
924 511 1098 570 Sandsbrttm.

407 689 534 754 Liberos
556 685 662 751 deindo
683 683 830 768 querenti
850 683 1008 768 Thyeste,
1033 692 1068 748 ut
1088 701 1189 748 eornm
1211 691 1335 766 aspectu
1356 681 1448 750 animi
1468 683 1586 749 sollici·

325 791 460 858 tudinem
482 790 629 871 depellet,
661 787 733 852 diris
758 785 935 866 ernbagibus
955 784 1069 850 Atreus
1090 785 1252 867 respondet
1272 785 1451 870 plenumque
1473 805 1585 867 puero-

326 913 391 958 rum
412 891 555 973 sanguine
577 887 715 971 poculum
737 888 871 970 porrigit.
914 885 1002 958 Quod
1024 886 1075 950 ubi
1097 886 1146 950 ille
1167 886 1296 968 aceepit,
1318 907 1409 970 quum
1431 887 1585 952 horrenda

326 995 477 1058 exsistunt
497 991 597 1055 omine
618 990 776 1071 subitoque
798 989 928 1052 tenebrae
949 988 1037 1051 terris
1058 987 1250 1064 inducuntur,
1273 1007 1377 1053 vocem
1399 989 1431 1052 in
1445 988 1492 1051 bis
1506 987 1585 1071 ipsis

326 1095 489 1158 terroribus
510 1092 636 1174 egregia
657 1090 780 1174 pietatis
801 1089 928 1154 emittit:

861 1189 1000 1260 Quidquid
1023 1191 1078 1244 est:
1102 1188 1184 1245 fratri
1205 1206 1317 1261 precor:

568 1274 722 1346 Gnatisque
743 1275 857 1346 parcat,
882 1277 971 1334 omnis
992 1277 1023 1332 in
1045 1276 1101 1332 vile
1122 1277 1176 1332 hoo
1197 1281 1285 1347 caput

565 1362 658 1420 Aboat
678 1363 813 1434 procella.

1079 1467 1106 1505 v.
1132 1449 1335 1507 999-1001.

325 1571 450 1654 Projicit
483 1571 602 1634 tandem
625 1569 663 1632 ad
686 1569 779 1652 pedes
800 1569 865 1650 ejus
887 1569 1001 1633 Atreus
1026 1589 1182 1652 corporum
1204 1572 1402 1638 laceratorum
1424 1570 1584 1654 reliquias:

327 1674 434 1756 quibus
456 1672 585 1755 aspectis
606 1671 671 1746 ille,
693 1669 782 1753 quum
805 1673 901 1734 frater
921 1671 1075 1752 quaesivit:

832 1771 922 1827 Natos
943 1773 1044 1843 sequid
1066 1773 1193 1844 agnoscis
1215 1773 1298 1830 tuos?

1102 1879 1129 1916 v.
1156 1861 1249 1916 1009.

330 1943 429 2008 nobile
450 1944 523 2010 illud
545 1944 721 2025 respondet:

568 2045 697 2117 Agnosco
718 2045 844 2102 fratrem.

1097 2151 1124 2189 v.
1151 2133 1244 2190 1010.

329 2253 398 2326 Quo
420 2254 539 2337 quidem
561 2263 640 2318 certe
663 2253 769 2318 melius
789 2251 974 2318 illustriusve
995 2253 1146 2318 concinna
1168 2255 1301 2337 ejusdem
1323 2262 1354 2318 et
1375 2253 1496 2336 grandis
1516 2253 1588 2316 bre·

329 2357 433 2420 vitatis
454 2355 621 2436 exemplum
644 2355 765 2438 reperiri
787 2373 845 2418 non
868 2362 985 2440 potest..

411 2455 565 2539 Quidquid
588 2465 688 2520 autem
710 2464 780 2538 post
802 2457 874 2519 illud
896 2457 1043 2540 Thyestes
1066 2456 1264 2534 lamentatur,
1298 2457 1376 2539 quod
1398 2477 1518 2521 neeesse
1538 2467 1587 2522 est

328 2558 450 2621 eveniat
471 2557 501 2620 in
524 2577 558 2620 eo
581 2559 697 2634 dolore,
719 2577 805 2640 quem
828 2559 880 2620 vix
902 2558 1083 2640 cogitatione
1106 2557 1370 2639 comprehendero,
1393 2561 1502 2622 nedum
1517 2581 1587 2624 ver·

330 2661 377 2722 bis
399 2659 562 2742 exprimere
585 2661 695 2740 possis,
719 2677 803 2722 mera
824 2659 942 2722 insania
964 2667 995 2720 et
1016 2659 1214 2742 ampullarum
1245 2659 1370 2725 aliarum
1398 2679 1488 2742 super
1509 2661 1586 2726 alias

331 2761 518 2826 coacervatio
540 2768 595 2824 est.
638 2760 729 2824 Atrei
760 2779 831 2822 vero
864 2761 1066 2826 exsultatione
1088 2761 1160 2823 nibil
1183 2768 1262 2824 certe
1284 2761 1442 2824 immanius
1464 2761 1588 2844 eogitari

329 2871 444 2945 potest:
477 2863 528 2946 qui
554 2863 706 2944 descripta
727 2880 884 2942 puerorum
908 2862 1090 2926 mactatione
1112 2871 1143 2925 et
1163 2862 1230 2944 ipsa
1250 2861 1469 2946 praeparatione
1497 2863 1585 2946 dapis

330 2964 485 3046 diligenter
506 2963 659 3046 exposita,
682 2963 785 3043 adjicit
806 2962 881 3027 haec:

768 3062 869 3121 Omnia
890 3065 949 3121 haec
970 3066 1068 3122 melius
1089 3067 1172 3136 pater

570 3151 676 3207 Fecisse
698 3153 806 3222 potuit,
829 3153 930 3209 cecidit
950 3154 981 3209 in
1003 3171 1110 3208 cassnm
1131 3152 1241 3226 dolor:¹

571 3239 660 3297 Scidit
680 3257 728 3296 ore
749 3244 832 3298 natos
853 3241 946 3311 inpio,
968 3241 1015 3298 sed
1037 3241 1173 3305 nesciens,

569 3327 623 3382 Sed
643 3329 805 3386 nescientes.

1082 3433 1108 3470 v.
1135 3411 1355 3470 1069-1072.

412 3535 572 3607 Quatenus
595 3543 695 3600 autem
717 3535 749 3598 in
771 3535 828 3598 bac
850 3535 954 3598 fabula
975 3532 1092 3598 Seneca
1113 3543 1168 3624 aut
1188 3542 1309 3598 secutus
1330 3533 1371 3596 sit
1385 3531 1508 3597 Graecos
1523 3539 1588 3596 tra·

330 3637 443 3720 goedire
464 3648 601 3701 auctores
623 3646 678 3700 aut
698 3638 737 3701 ab
759 3637 878 3700 illorum
900 3636 1051 3700 institutis
1073 3635 1243 3710 recesserit,
1275 3635 1313 3698 de
1341 3653 1377 3697 ea
1398 3653 1446 3709 re,
1479 3651 1589 3716 quam-

333 3759 420 3822 quam
444 3739 480 3801 de
503 3738 540 3801 iis
555 3739 680 3813 fabulis,
703 3757 768 3820 quae
784 3738 976 3814 interierunt,
1000 3757 1057 3800 uon
1073 3737 1139 3818 plus
1154 3735 1300 3800 habemus
1315 3733 1477 3816 cognitum,
1499 3753 1588 3816 quam

331 3850 477 3926 quantum
509 3839 705 3922 suppeditent
737 3839 852 3902 minuta
879 3859 954 3902 sane
977 3846 1008 3901 et
1029 3839 1140 3920 exigua
1162 3857 1201 3900 ex
1223 3836 1371 3919 Sophocle
1393 3844 1423 3899 et
1444 3835 1588 3918 Euripide

332 3953 423 4009 etex
444 3941 543 4006 Ennio
564 3939 719 4022 Accioqne
752 3943 931 4021 fragment-a,
963 3948 1065 4004 tamen
1099 3939 1148 4001 vel
1175 3939 1219 4002 sio
1246 3957 1301 4020 pro
1333 3945 1414 4001 oerto
1446 3935 1589 4001 affirmari

333 4043 494 4117 nonnulla,
517 4042 577 4104 alia
599 4041 706 4104 saltem
730 4041 926 4122 probabiliter
947 4041 1054 4122 conjici
1075 4037 1257 4124 possuntl).
1300 4039 1404 4122 Atque
1425 4037 1499 4101 illud
1520 4037 1588 4121 qui-

331 4149 398 4211 dem
420 4145 451 4208 in
473 4143 617 4207 confessis
639 4150 686 4204 est
708 4144 788 4225 apud
809 4142 986 4224 Euripidem
1000 4151 1032 4206 et
1046 4142 1227 4225 Sophoclem
1241 4141 1334 4205 multo
1350 4139 1483 4222 pluribus
1498 4139 1587 4202 fuisso

330 4249 417 4312 rebus
439 4244 587 4310 actionem
610 4245 769 4319 refertam,
790 4263 877 4327 quam
900 4252 948 4308 est
969 4245 1049 4326 apud
1071 4243 1233 4308 Senecam:
1266 4242 1393 4324 primum
1421 4239 1500 4322 apud
1523 4240 1587 4303 illos

331 4350 461 4431 Aeropa
482 4365 656 4429 personam,
688 4344 777 4408 Atrei
799 4345 949 4428 conjugis,
983 4345 1075 4410 fnisse
1095 4345 1263 4420 inductam,
1296 4341 1381 4424 eujus
1402 4340 1452 4405 hie
1474 4341 1585 4406 nullum

331 4449 489 4532 vestigium
511 4456 573 4511 est:
596 4437 836 4540 tum2Thyesten
858 4447 897 4509 ab
919 4446 1024 4510 exsilio
1047 4465 1105 4510 non
1128 4445 1302 4510 arcessitum
1318 4444 1410 4507 luisse
1426 4443 1465 4507 ab
1480 4442 1586 4516 Atreo,

331 4553 402 4626 sed,
436 4569 526 4633 quum
549 4548 612 4630 lege
633 4555 688 4612 eut
709 4549 849 4630 pectione
871 4548 1002 4630 quadam
1023 4548 1190 4621 exsularet,
1222 4545 1302 4609 ultro
1328 4545 1359 4608 in
1386 4544 1517 4628 patriam
1539 4563 1586 4606 re-

331 4695 530 4709 ...ῥυ-ι·-

381 4751 401 4826 ¹)
423 4753 564 4819 Weloker‚
588 4749 698 4808 [triech.
722 4752 806 4826 Trog.
829 4750 856 4817 Ι,
881 4747 1066 4814 357-365,
1089 4745 1131 4813 Π,
1155 4747 1335 4806 675-689.
