3470 5406
497 481 538 536 De
560 482 592 540 t.
614 481 714 540 Anuai
735 479 846 540 Seneca
869 479 1040 554 Tragoediie.

387 651 529 738 γλαυκῆς
548 648 681 736 ὀπώρας
702 649 781 717 riute
802 653 917 726 πίονος
937 649 1040 716 ποτοῦ

388 758 546 838 χυθένως
566 755 600 830 ἐς
619 759 681 842 νῆν
702 755 848 836 Βακχίας
869 750 927 818 ἀπ’
950 749 1108 837 ἀμπέλου.

943 855 1045 912 lbaoh.
1070 857 1207 913 tol-4.

148 947 175 1010 id
195 947 245 1010 bio
266 945 324 1010 boo
346 953 438 1028 paeto
459 945 586 1008 dilatat:

391 1046 479 1102 Nirea
499 1048 534 1104 ut
554 1047 643 1102 Eurus
664 1045 749 1102 soluit
770 1046 820 1102 aut
841 1043 953 1115 tepidus
974 1046 1057 1102 uotae

389 1132 462 1200 Quae
484 1149 548 1190 vera
570 1133 661 1203 primo
684 1132 807 1188 lubriaua
829 1131 922 1202 perdit
943 1131 1064 1186 Mimans

389 1220 482 1290 thue
504 1220 631 1276 evolutos
653 1218 761 1292 frangit
782 1219 857 1274 ionio
879 1219 939 1274 ealo

389 1305 526 1377 Opposita
548 1307 649 1362 fluetus
671 1305 776 1362 Leucae
798 1308 827 1361 et
849 1305 937 1360 laeena
958 1307 1050 1361 tumor

388 1391 421 1448 In
443 1393 526 1449 litore
548 1393 608 1464 ipso
631 1394 744 1464 spumat
767 1395 817 1448 aut
840 1391 995 1448 caelestibus

387 1481 508 1552 Aspersa
529 1479 714 1550 lapidatore
736 1479 869 1534 laxantur
891 1479 973 1534 loeis:

386 1567 432 1623 Sio
455 1567 571 1639 languet
593 1583 675 1624 omne
698 1566 787 1624 vellue
808 1570 837 1623 et
859 1565 953 1637 perdit
975 1579 1069 1620 oomae

387 1655 515 1726 Dumque
537 1653 593 1712 iata
615 1656 716 1721 miror,
739 1669 824 1710 oauea
846 1652 968 1710 mirandi
990 1652 1072 1723 perit.

951 1757 977 1796 v.
1002 1738 1161 1795 tta-40.

148 1860 206 1924 Sed
228 1859 268 1924 ad
290 1880 351 1926 rem
375 1869 569 1926 revertamur.

228 1963 323 2044 Apud
356 1963 538 2045 Sophoclem
571 1961 734 2043 Dejanira,
767 1971 802 2026 ut
828 1961 959 2045 primum
982 1963 1022 2025 ab
1043 1962 1135 2046 Hyllo
1157 1959 1292 2040 aceepit,
1313 1980 1413 2044 quau·

146 2071 208 2126 tum
243 2064 314 2128 mali
347 2065 457 2129 marito
489 2065 662 2146 imprudens
684 2064 843 2141 inflixerit,
874 2063 980 2128 atatim
1003 2063 1099 2128 tacita
1120 2071 1150 2126 et
1172 2061 1349 2144 pudibunda
1371 2065 1410 2128 ad

116 2171 130 2188 “
146 2165 329 2229 moriendum
352 2166 475 2231 secedit
520 2165 612 2246 Apud
635 2165 713 2229 huno
734 2185 807 2229 vero
829 2184 1019 2248 nequaquam
1042 2174 1105 2228 tarn
1126 2164 1224 2246 quiete
1241 2181 1287 2226 ree
1304 2163 1411 2246 agitur.

146 2265 338 2330 Decantatur
370 2267 513 2330 continuo
545 2267 599 2330 illa
632 2266 798 2344 cantilena,
832 2287 921 2350 quam
950 2267 1057 2330 harum
1082 2263 1304 2346 tragoediamm
1330 2267 1413 2330 nulla

146 2386 203 2430 non
229 2367 322 2430 habet
343 2368 569 2451 instituiturque
590 2369 790 2450 grandissima
811 2369 864 2431 illa
887 2368 1055 2442 dubitatio,
1087 2365 1285 2446 suspendione
1309 2367 1413 2430 melina

145 2488 181 2530 an
205 2471 285 2532 ferro
307 2490 345 2532 an
369 2470 509 2533 fabuloso
531 2470 632 2552 aliquo
654 2469 804 2552 supplicio
828 2471 891 2533 vita
906 2469 1045 2533 finiatur:
1067 2487 1158 2550 quum
1172 2467 1292 2530 interim
1309 2469 1414 2532 nutrix

147 2579 177 2632 et
198 2570 311 2654 Hyllus
333 2571 364 2634 in
387 2571 452 2634 vita
474 2591 540 2633 eam
562 2571 690 2634 retinere
712 2579 868 2634 conantur.
912 2569 962 2633 Ad
986 2580 1171 2645 extremum,
1192 2576 1335 2648 aequente
1357 2579 1411 2632 ta-

147 2689 213 2734 men
237 2672 345 2755 Hyllo,
366 2672 399 2735 iu
420 2671 591 2735 interiorem
614 2693 646 2736 ee
669 2673 788 2736 domum
811 2672 947 2754 proripit.

230 2772 378 2837 Adlertur
406 2773 472 2855 jam
504 2774 666 2846 Herculea,
699 2773 750 2856 qni
778 2775 860 2836 aolue
889 2772 1003 2854 primo,
1036 2781 1099 2836 tum
1128 2791 1229 2835 eoram
1250 2770 1416 2850 Alcmene,

148 2873 231 2937 brevi
253 2884 323 2956 post
343 2874 405 2938 filio
427 2893 545 2958 quoque
568 2883 601 2937 et
622 2873 795 2939 Philocteta
816 2874 1034 2956 praesentibue,
1066 2882 1241 2955 perpetuum
1265 2875 1417 2957 ampulla·

150 2993 213 3038 rum
246 2984 512 3058 portentorumque
544 2976 653 3039 flumen
686 2975 826 3039 effundit.
878 2975 948 3038 Non
971 2984 1074 3057 potest
1095 2975 1143 3038 hio
1165 2975 1248 3038 loeus
1270 2974 1417 3038 describi:

149 3076 264 3158 legatur
287 3096 408 3140 neeesse
431 3086 495 3151 eet,
515 3087 566 3152 ut,
588 3077 684 3158 qualia
705 3077 764 3151 eit,
786 3077 876 3158 plane
898 3077 1092 3158 intelligatur.
1136 3073 1197 3146 Qui
1219 3085 1319 3139 autem
1335 3076 1415 3158 lege-

150 3177 201 3252 rit,
234 3177 377 3260 quidnam
408 3179 450 3242 eit
476 3178 627 3260 turgidum
650 3197 743 3260 genus
766 3177 901 3252 dicendi,
933 3179 1070 3259 prolecto
1093 3195 1255 3258 numquam
1278 3177 1415 3258 requiret.

149 3277 258 3342 Elucot
279 3287 379 3341 tamen
402 3278 431 3340 in
454 3279 511 3343 hae
533 3280 712 3361 ineptiarum
735 3279 991 3361 ampullammque
1014 3279 1182 3359 farragine,
1203 3286 1358 3360 tamquam
1381 3277 1412 3341 iu

151 3380 228 3443 sumo
257 3379 406 3455 scintilla,
427 3379 454 3442 is
475 3380 574 3455 loeus,
595 3400 685 3462 quum
708 3381 856 3444 Hercules
879 3382 982 3445 audita
1005 3379 1140 3460 eonjugie
1161 3387 1257 3442 morte
1278 3378 1415 3460 cognito·
1436 3443 1441 3451 ,

151 3499 219 3561 que,
252 3481 283 3544 iu
316 3490 462 3562 quantum
490 3482 604 3544 malum
634 3481 790 3554 inciderit,
823 3481 981 3563 antiquum
1010 3481 1159 3562 quoddam
1182 3480 1336 3543 oraculum
1359 3480 1417 3545 hoo

153 3591 260 3647 aventu
293 3582 521 3665 oomprobatum
554 3583 693 3663 agnoseit
724 3592 757 3645 et
777 3583 916 3646 omnibus
938 3580 1065 3665 querella
1087 3581 1214 3662 abjectis
1234 3581 1310 3646 ,nibil
1333 3581 1416 3646 aliud

153 3683 228 3762 agit,
250 3703 342 3766 quam
363 3691 414 3760 ut,
436 3703 557 3746 auorum
580 3685 670 3747 rebus
692 3683 884 3759 constitutis,
905 3683 987 3765 ipae,
1010 3702 1098 3765 quam
1121 3682 1320 3766 pulcherrime
1342 3701 1416 3766 poa·

153 3783 208 3860 eit,
229 3785 359 3849 excedat
379 3805 395 3846 e
417 3785 497 3848 vita:

393 3885 488 3942 Habet
509 3890 656 3956 peraotum
676 3889 733 3952 aet,
755 3886 817 3942 fata
838 3903 868 3942 ee
889 3888 987 3942 umbra
1008 3886 1153 3956 explicant

390 3973 451 4028 Lux
471 3972 528 4028 ieta
549 3991 658 4032 summa
679 3976 734 4030 eet:
758 3989 875 4044 quernus
896 3974 970 4028 hano
991 3975 1095 4030 nomem
1117 3971 1187 4030 mihi

391 4059 520 4115 Fatidica
543 4061 685 4130 quondam
705 4061 830 4117 dederat.
857 4089 1157 4106 -----

391 4145 441 4202 Nil
462 4147 604 4216 querimur
626 4149 715 4205 ultra:
738 4147 833 4203 decuit
854 4147 929 4201 huno
951 4146 1035 4202 finem
1057 4147 1134 4213 dari,

389 4233 433 4289 lle
455 4234 518 4304 quia
538 4239 677 4306 superatos
698 4235 812 4292 Herouli
833 4235 924 4290 vietor
946 4232 1027 4290 foret.

389 4319 472 4376 Nune
494 4337 567 4377 more
588 4323 701 4396 legatur
722 4323 800 4378 olara
821 4319 1002 4377 memoranda
1023 4321 1133 4376 incluta
1200 4314 1205 4324 '

391 4407 437 4462 Me
458 4408 546 4480 digua
567 4426 691 4480 proreua:
715 4409 838 4466 nobilem
861 4407 937 4463 huno
958 4407 1062 4463 faciam
1084 4405 1167 4462 diem.

944 4512 972 4550 v.
999 4491 1183 4558 1476-78,
1210 4487 1389 4547 1483-86.

235 4613 384 4680 Consistit
404 4614 435 4678 in
457 4615 515 4678 hoo
536 4615 603 4678 loeo
626 4613 786 4698 Sophoclis
808 4616 928 4680 fabula:
960 4615 1026 4679 hare
1053 4632 1124 4678 vero
1153 4611 1309 4692 aliquanto
1330 4610 1418 4693 plura

156 4715 386 4797 eomprehendit.
429 4717 511 4782 Nam
543 4717 673 4800 primum
706 4716 847 4789 Herculia
880 4717 1025 4781 interitus
1047 4720 1206 4818 narratur:
1229 4732 1290 4795 qua
1312 4731 1419 4776 nama-
