3508 5404
548 533 588 591 De
610 533 641 591 L.
664 533 763 592 Annei
784 532 894 592 Senem
915 533 1085 607 Tregoediis.
1412 535 1450 592 67

279 711 439 774 Preteree
471 705 563 786 hujus
586 705 657 781 loni,
680 713 716 768 ut
736 705 815 769 nihil
837 705 870 768 in
891 705 1026 769 Hercule
1048 705 1214 788 Euripidis
1236 707 1339 770 simile
1361 726 1453 789 repe-

195 810 285 886 ritur,
307 810 354 873 ite
376 811 407 873 in
431 807 615 872 Phoenissis
638 807 777 888 ejusdem
801 827 907 869 semen
931 808 1066 872 fortasse
1090 817 1122 870 et
1142 809 1267 874 initium
1289 810 1382 876 lutet:
1398 812 1452 878 ubi

193 912 354 993 Antigone
376 909 507 976 Creonti
530 908 690 972 Haemonis
713 907 774 971 sibi
791 907 918 988 nuptias
942 909 1145 974 denuntianti
1168 915 1453 982 eedemeoutume·

195 1016 246 1078 oie
268 1013 472 1077 adversetur:

329 1117 402 1176 AN.
433 1108 453 1198 ἦ
473 1106 538 1195 γὰρ
558 1109 726 1193 γαμοῦμαι
747 1105 833 1183 ζῶσα
854 1107 950 1173 παιδὶ
971 1110 1020 1196 σῷ
1040 1133 1132 1189 neree

339 1219 403 1279 ΚΡ.
435 1211 539 1298 πολλὴ
562 1215 590 1276 σ’
613 1208 747 1297 ἀνάγκη·
770 1219 830 1276 ποῖ’
846 1209 910 1298 γὰρ
931 1210 1076 1296 tapetes
1097 1212 1203 1296 λέχοςς

328 1321 401 1382 AN.
435 1312 493 1395 νὺξ
514 1311 566 1401 ἆρ’
587 1314 690 1400 ἐκείνη
713 1313 888 1380 Δαναΐδων
908 1309 942 1396 μ’
962 1317 1026 1392 ἕξει
1046 1318 1136 1398 μίαν.

986 1417 1092 1474 Phoeu.
1119 1421 1275 1476 1573-5.

194 1542 277 1605 Nem
299 1541 431 1622 Megara
454 1557 577 1621 quoque
601 1537 685 1600 idem
708 1539 773 1601 fere
795 1538 881 1620 Lyeo
905 1539 1089 1618 respondet:

435 1641 518 1695 Nune
540 1656 615 1693 nuno
637 1641 758 1694 eruentes
779 1639 853 1710 regis
874 1639 993 1710 AEgypti
1014 1657 1100 1694 nurus

435 1729 536 1784 Adeste
558 1725 648 1781 multo
670 1724 805 1796 sunguine
826 1725 937 1781 infestae
958 1743 1066 1781 menum.

434 1817 517 1872 Deest
538 1830 595 1870 une
616 1829 731 1867 numero
752 1813 866 1867 Densis.
911 1812 1035 1883 Explebo
1056 1812 1144 1868 nefas.

988 1919 1016 1956 v.
1042 1899 1178 1955 502-4.

193 2026 267 2087 Jem
299 2019 451 2084 Hercules
485 2020 576 2082 edest
609 2041 677 2083 eum
706 2021 829 2084 Theseo
853 2026 895 2096 et,
917 2019 945 2082 si
968 2020 1017 2083 dis
1040 2020 1155 2103 placet,
1178 2021 1274 2085 etiem
1297 2020 1450 2085 Cerbero:

194 2144 295 2207 neque
318 2125 401 2186 enim
425 2121 578 2201 intelligo,
601 2121 676 2204 quid
698 2121 787 2184 uliud
809 2122 858 2183 his
880 2122 1025 2185 versibus
1046 2123 1159 2203 subjici
1182 2122 1298 2204 possit:

788 2221 916 2292 Quisquis
938 2239 972 2277 ex
994 2222 1054 2278 elto
1075 2223 1196 2294 ndspieit

434 2309 556 2364 'lemene
576 2307 648 2362 faeie
669 2307 759 2377 pollui
780 2310 906 2365 metuens
927 2326 1010 2374 nova,

434 2395 531 2450 Aoiem
552 2394 678 2450 reflectet
700 2411 804 2464 oreque
825 2396 855 2450 in
877 2397 985 2451 eoelum
1007 2397 1100 2468 erigut

432 2482 568 2538 Portenta
590 2480 707 2552 fugiens.
751 2483 811 2538 Hoe
832 2483 910 2538 nefus
932 2487 1049 2540 cernent
1070 2483 1126 2538 dno

434 2569 486 2636 Qui
509 2568 623 2624 advexit
645 2572 674 2624 et
696 2587 758 2640 quae
777 2568 870 2641 jussit.

989 2673 1017 2712 v.
1042 2655 1179 2711 604-8.

191 2795 295 2858 Venis
316 2795 416 2878 igitur
437 2815 458 2856 e
479 2793 552 2858 Sole
575 2792 687 2875 petita,
709 2792 736 2854 si
759 2793 830 2874 qnid
853 2791 998 2854 illinitum
1015 2793 1142 2870 viderit,
1154 2803 1340 2880 conquestus
1352 2794 1449 2858 etiem

192 2897 231 2959 de
264 2897 401 2961 Junonis
433 2898 483 2959 ire
516 2902 548 2958 et
570 2895 610 2958 de
630 2893 789 2958 laboribus
812 2894 888 2968 suis,
911 2913 930 2956 e
952 2900 1043 2975 petre
1065 2896 1207 2960 breviter
1227 2899 1366 2971 donetur,
1388 2915 1449 2980 quo

189 2996 222 3060 in
246 2997 313 3062 loeo
337 3019 386 3062 res
408 2997 483 3060 sint.
527 2995 583 3058 Ille
606 2995 715 3058 stetim
738 2996 778 3058 ud
801 2994 990 3076 supplicium
1012 2998 1196 3062 sumendum
1221 3001 1335 3063 fertur:

434 3098 478 3153 Ad
499 3097 682 3153 hauriendum
706 3097 870 3168 sanguinem
891 3095 1034 3150 inimicum
1057 3096 1140 3164 feror,

433 3186 540 3240 Theseu
561 3183 665 3246 resiste,
688 3199 724 3238 ne
746 3202 803 3253 que
824 3183 866 3238 vis
887 3181 981 3236 subite.
1003 3183 1127 3254 ingruat.

434 3273 479 3328 Me
500 3270 576 3328 belle
599 3273 727 3339 posonut.
772 3271 859 3326 Differ
881 3270 1025 3338 amplexus
1046 3287 1148 3339 parens

433 3361 614 3431 coniunxque
636 3355 724 3412 differ.
771 3358 894 3413 Nnuoiet
915 3357 975 3411 Diti
996 3357 1086 3426 Lycus

434 3449 478 3503 Me
496 3448 557 3520 J'em
578 3444 688 3498 redisse.

987 3547 1014 3585 v.
1040 3530 1176 3585 640-4,

191 3651 341 3731 Magnum
376 3650 428 3713 hie
459 3670 537 3713 sene
570 3649 608 3714 de
639 3649 783 3714 Herculis
805 3646 923 3711 virtute
947 3648 1127 3731 opinionem
1150 3655 1272 3726 movet3
1293 3667 1365 3712 nam
1388 3667 1447 3712 nou

191 3751 284 3813 modo
317 3751 441 3814 insidiae
470 3752 561 3815 nnllae
584 3758 756 3825 struuntur,
780 3758 816 3812 ut
837 3751 920 3830 apud
941 3751 1137 3833 Euripidem,
1159 3750 1214 3813 sed
1239 3750 1362 3814 omnino
1386 3770 1447 3812 non

194 3853 331 3916 Hercule
365 3852 477 3934 dignus
500 3853 550 3916 hie
573 3851 664 3915 labor
685 3860 816 3934 putetur
838 3870 857 3913 e
879 3852 1016 3915 Theseo:
1041 3872 1101 3935 quo
1124 3851 1251 3915 homine
1274 3851 1349 3935 quid
1372 3870 1448 3915 con-

189 3953 338 4017 fidentius
361 3953 494 4035 eogitari
517 3953 630 4035 possit,
652 3973 713 4015 non
737 3951 876 4028 invenio,
899 3971 994 4033 quum
1018 3953 1064 4016 ita
1085 3952 1350 4037 Amphitryonem
1372 3972 1448 4016 oon-

189 4054 295 4117 firmet
316 4054 354 4116 de
377 4064 491 4120 eventu
512 4073 623 4137 puguae
646 4054 826 4116 timentem:

785 4153 814 4208 Si
835 4153 901 4210 novi
922 4153 1080 4221 Herculem,

430 4243 521 4313 Lycus
542 4241 655 4298 &eunti
676 4241 786 4299 debitos
807 4257 912 4312 poenes
933 4242 1023 4298 debit.

431 4330 552 4387 [rentum
573 4331 616 4386 eet
637 4329 731 4384 debit:
755 4328 814 4385 det.
858 4329 1051 4400 Hesioneque
1072 4331 1116 4384 est
1137 4327 1258 4384 lentum:
1281 4328 1369 4386 dedit.

982 4435 1009 4473 v.
1034 4417 1172 4472 655-7.

274 4550 344 4625 Quo
366 4550 419 4615 ille
442 4551 489 4614 ite
512 4559 678 4626 recreetur,
699 4557 734 4614 ut
755 4553 838 4614 omui
861 4551 1072 4616 sollieitudine
1095 4551 1228 4636 depulso
1249 4557 1369 4632 quaerut
1383 4549 1444 4614 eti-

190 4671 252 4728 em,
274 4653 326 4735 qui
349 4661 471 4734 tempus
494 4672 560 4716 cum
583 4653 689 4735 ulique
710 4651 921 4716 delectatione
944 4661 1117 4717 consumet.
1159 4655 1211 4716 lta
1233 4654 1386 4716 Theseum
1408 4655 1463 4717 o·'

189 4763 251 4830 ret,
282 4762 317 4817 ut
349 4753 471 4836 aliquid
493 4754 531 4816 de
553 4753 665 4818 inieris
686 4753 778 4817 rebus
801 4762 833 4817 et
855 4755 893 4818 de
915 4753 1009 4817 rebus
1030 4753 1075 4818 ibi
1097 4775 1116 4816 e
1137 4754 1201 4817 lilio
1224 4753 1322 4835 gestis
1344 4771 1444 4836 expo-
