3508 5404
325 511 365 566 64
817 507 847 566 0.
872 509 904 566 m.
927 507 1100 568 eneruem

405 679 588 747 Prooedunt
620 677 734 742 deiude
766 677 980 764 Amphitryon
1014 687 1048 745 et
1068 681 1201 763 Megure
1221 680 1395 746 eomitante
1417 699 1582 764 puerorum

323 801 433 864 grege3
466 799 654 864 quemquam
676 797 789 862 pueros
819 780 942 862 quidem
965 779 1087 854 edesse,
1110 781 1172 846 nisi
1195 802 1215 845 a
1237 782 1333 848 ohoro
1356 791 1442 848 esset
1462 781 1586 846 indice-

319 892 396 957 tum,
429 880 462 948 iu
496 889 680 962 perpetuum
717 881 807 944 nobis
841 889 911 944 eret
943 880 1166 962 ignorandum.
1208 883 1303 948 Nihil
1339 885 1423 951 enim
1446 882 1586 964 Amphi·

321 992 415 1068 tryon
438 983 476 1045 de
497 982 698 1063 impendente
720 979 760 1044 iis
783 981 936 1062 periouio;
959 981 1039 1045 nihii
1060 985 1193 1064 Megara
1214 993 1334 1067 erepet,
1357 984 1443 1068 quod
1466 991 1586 1048 meteu-

322 1103 394 1150 uum
426 1081 669 1147 sollicitudiuem
693 1082 816 1165 prodet.
859 1082 923 1146 Hie
945 1085 1168 1148 tautummodo
1191 1095 1354 1150 enumeret
1374 1084 1496 1150 nobiiia
1517 1084 1584 1160 iiis,

323 1205 391 1269 que
422 1183 462 1247 ab
487 1183 623 1248 Hercule
645 1183 732 1246 editu
754 1189 838 1257 sunt,
862 1202 973 1264 opere:
997 1183 1198 1260 interiectum
1222 1185 1399 1261 Creontem,
1421 1185 1582 1250 turbarem

321 1285 491 1350 thebanum
524 1284 685 1348 civitatem
718 1285 933 1361 demonstrat;
966 1285 1008 1348 ad
1040 1293 1217 1350 extremum
1250 1288 1288 1352 de
1310 1287 1458 1352 Herouiis
1481 1285 1585 1352 reditu

323 1388 437 1452 bouum
459 1405 493 1449 se
515 1405 604 1468 spem
627 1385 744 1449 hebere
767 1385 936 1467 signifieat.
979 1385 1040 1450 iiia
1062 1388 1195 1468 primum
1219 1388 1345 1472 quidem
1367 1385 1524 1471 ingentem
1546 1389 1585 1454 ti·-

324 1488 450 1554 duoism
470 1486 590 1569 spirat:

565 1587 683 1660 Emerge
706 1587 827 1658 oonjunx
849 1590 935 1658 etque
957 1587 1093 1660 dispulsae
1114 1607 1201 1646 manu

563 1672 705 1745 Abrumpe
726 1674 865 1730 tenebras.
909 1673 997 1730 Nulla
1018 1677 1042 1730 si
1062 1680 1139 1734 retro
1160 1677 1208 1734 via

564 1760 677 1830 Iterque
700 1759 807 1815 elusum
829 1762 879 1826 est,
904 1762 969 1817 orbe
991 1761 1105 1820 diducto
1127 1763 1187 1820 redi

563 1847 600 1903 Et
622 1846 755 1917 quioquid
778 1850 842 1903 atra
862 1851 948 1904 noete
970 1865 1125 1919 possessum
1146 1851 1219 1906 latet

566 1934 671 1990 Emitte
693 1937 795 1990 tenum.

1115 2037 1143 2076 r.
1168 2020 1306 2101 283--7,Ι

566 2141 687 2212 Erumpo
709 2157 802 2197 rerum
824 2142 959 2198 terminos
980 2145 1073 2198 tenum
1096 2140 1211 2196 efferens

569 2228 605 2284 Et
627 2228 762 2299 quiequid
783 2229 868 2285 aride
889 2231 934 2286 tot
956 2245 1006 2300 per
1027 2245 1165 2284 annorum
1187 2228 1291 2301 gradus

563 2315 716 2372 Abseoudit
739 2319 816 2382 setas,
839 2315 923 2372 redde
944 2319 974 2372 et
995 2315 1097 2372 obiitoe
1119 2315 1172 2370 sui.

567 2401 703 2472 Imeisque
725 2403 841 2472 pavidos
862 2405 929 2459 ante
951 2405 981 2458 te
1002 2403 1120 2474 populos
1142 2419 1204 2474 ago.

565 2489 687 2562 indigna
707 2491 737 2546 to
758 2492 823 2547 suut
845 2489 945 2562 spolia,
968 2490 1126 2548 sitantum
1147 2491 1233 2547 refers

565 2576 709 2645 Quantum
729 2577 899 2650 imperatum
920 2579 971 2634 eet.

1029 2737 1030 2742 η
1119 2682 1147 2720 r.
1172 2661 1309 2719 tet-9.

327 2819 406 2884 Mox
428 2836 532 2883 rerum
556 2815 734 2882 condicioni
757 2817 996 2882 convenientius
1018 2817 1175 2902 loquitur;
1195 2823 1274 2882 vota
1296 2818 1337 2882 ob
1358 2815 1495 2882 reditum
1517 2815 1587 2899 ejus

250 2969 252 2972 -
324 2920 413 2995 feeit,
435 2919 596 3001 signifieat
617 2918 806 3014 desiderium
829 2927 861 2982 et
882 2938 1036 2984 umorem:

920 3021 1026 3092 Magna
1046 3019 1094 3076 sed
1114 3020 1233 3076 nimium
1253 3019 1354 3091 loquor

567 3105 672 3178 Ignara
692 3107 795 3162 nostrae
816 3105 906 3162 sortis.
951 3107 1031 3164 Unde
1052 3108 1136 3164 iilum
1156 3108 1227 3166 mihi

567 3191 626 3259 Quo
648 3195 678 3250 te
699 3194 834 3263 tuumque
856 3194 1000 3250 dexteram
1023 3195 1179 3267 amplector
1200 3194 1274 3250 diem

565 3279 737 3351 Redituequo
758 3279 850 3337 lentos
869 3297 922 3337 neo
944 3281 999 3338 mei
1020 3298 1155 3338 memores
1176 3281 1297 3352 queror?

1125 3387 1153 3425 r.
1178 3366 1358 3426 aee-302.

568 3487 640 3542 Tum
660 3489 806 3546 restitutus
828 3487 961 3546 fratribus
981 3492 1064 3550 rebor
1084 3489 1153 3545 meis

565 3573 682 3629 Animae
703 3579 732 3630 et
752 3574 845 3645 ipsum
866 3592 955 3648 regna
975 3579 1167 3634 moderantem
1187 3593 1238 3632 sua

566 3659 679 3716 Iilorere
700 3664 821 3731 putrem.
866 3663 896 3718 si
918 3682 974 3734 que
994 3669 1024 3722 te
1047 3664 1138 3736 major
1158 3665 1238 3720 tonet

567 3746 698 3803 (ihesum
719 3751 853 3818 potestus,
877 3752 1026 3820 sequimur.
1071 3752 1129 3807 Aut
1151 3767 1246 3806 omnes
1265 3753 1316 3807 tuo

566 3833 689 3891 Defende
710 3835 804 3892 reditu
825 3853 918 3908 sospes
939 3841 990 3896 eut
1011 3857 1104 3895 ornnes
1125 3837 1217 3893 trahe.

566 3920 672 3978 [trahes
692 3939 744 3979 neo
766 3923 840 3979 ullus
861 3923 950 3996 eriget
971 3925 1075 3984 fruetus
1096 3927 1172 3982 deus.

720 4025 722 4030 ’
1119 4027 1147 4068 r.
1172 4009 1332 4068 sot—12.

409 4124 511 4200 Quam
545 4147 639 4210 quum
667 4129 708 4193 ad
731 4129 877 4196 meliores
900 4131 1109 4214 cogitationes
1131 4131 1346 4214 Amphitryon
1368 4128 1509 4194 extitere
1530 4145 1584 4190 uo-

324 4236 427 4304 natur‚
449 4229 579 4294 advenit
600 4231 714 4314 Lycus.
757 4231 819 4306 Qui
843 4233 881 4296 de
903 4234 1020 4297 virtute
1041 4252 1100 4298 sue
1121 4253 1160 4298 ao
1181 4229 1325 4297 novitate
1348 4229 1523 4312 magnifiee,
1545 4227 1584 4290 de

325 4329 489 4394 titulorum
523 4337 556 4395 et
586 4331 761 4414 imaginum
795 4333 899 4416 gioria
920 4331 1126 4420 odntemptirn
1149 4334 1284 4409 loeutus,
1305 4340 1413 4396 tamen
1435 4328 1583 4414 quonism

325 4431 444 4494 firmari
466 4433 665 4515 stabiliriqne
687 4453 775 4498 suum
799 4441 929 4518 regnum
950 4433 1012 4500 nisi
1034 4435 1133 4500 nobili
1156 4437 1287 4518 conjuge
1309 4432 1406 4498 dueta
1427 4451 1489 4496 nou
1511 4447 1584 4513 pos-

324 4531 377 4608 sit,
410 4552 447 4595 eo
476 4533 613 4599 oonsilio.
629 4535 754 4600 venisse
776 4555 810 4600 se
834 4536 922 4614 dicit,
944 4545 981 4601 ut
1002 4545 1059 4600 sut
1079 4537 1218 4619 Megara
1240 4532 1477 4599 matrimonium
1500 4529 1584 4595 obti-

323 4641 414 4696 neret
445 4642 512 4710 aut,
542 4634 571 4698 ei
604 4636 771 4701 abnuisset
802 4637 870 4714 ilie,
898 4638 1039 4703 funditus
1061 4637 1207 4702 Heronlis
1230 4637 1354 4701 domum
1375 4639 1582 4719 perverteret.

323 4733 503 4800 Conversus
534 4736 632 4819 igitur
663 4736 704 4801 ad
737 4737 839 4816 illum,
870 4738 1050 4822 perniciosa
1082 4757 1150 4805 esso
1180 4737 1249 4804 siue
1271 4739 1346 4815 tine,
1366 4737 1435 4802 siue
1457 4734 1582 4800 foedere
