<?xml version="1.0" encoding="UTF-8"?>
<!DOCTYPE html PUBLIC "-//W3C//DTD XHTML 1.0 Transitional//EN"
    "http://www.w3.org/TR/xhtml1/DTD/xhtml1-transitional.dtd">
<html xmlns="http://www.w3.org/1999/xhtml" xml:lang="en" lang="en">
 <head>
  <title>
</title>
<meta http-equiv="Content-Type" content="text/html;charset=utf-8" />
  <meta name='ocr-system' content='tesseract 3.04.00' />
  <meta name='ocr-capabilities' content='ocr_page ocr_carea ocr_par ocr_line ocrx_word'/>
</head>
<body>
  <div class='ocr_page' id='page_1' title='image "./delannaeiseneca00sandgoog_0022.png"; bbox 0 0 3554 5406; ppageno 0'>
   <div class='ocr_carea' id='block_1_1' title="bbox 557 497 1097 578">
    <p class='ocr_par' dir='ltr' id='par_1_1' title="bbox 557 497 1097 578">
     <span class='ocr_line' id='line_1_1' title="bbox 557 497 1097 578; baseline -0.002 -18"><span class='ocrx_word' id='word_1_1' title='bbox 557 501 598 562; x_wconf 90' lang='lat' dir='ltr'><strong>De</strong></span> <span class='ocrx_word' id='word_1_2' title='bbox 619 501 651 562; x_wconf 82' lang='lat' dir='ltr'><strong>L.</strong></span> <span class='ocrx_word' id='word_1_3' title='bbox 675 501 775 564; x_wconf 71' lang='lat' dir='ltr'><strong>danai</strong></span> <span class='ocrx_word' id='word_1_4' title='bbox 794 499 905 562; x_wconf 61' lang='lat' dir='ltr'><strong>&amp;neoc</strong></span> <span class='ocrx_word' id='word_1_5' title='bbox 927 497 1097 578; x_wconf 62' lang='lat' dir='ltr'><strong>tumorum.</strong></span> 
     </span>
    </p>
   </div>
   <div class='ocr_carea' id='block_1_2' title="bbox 443 673 1142 993">
    <p class='ocr_par' dir='ltr' id='par_1_2' title="bbox 443 673 1142 993">
     <span class='ocr_line' id='line_1_2' title="bbox 445 673 1095 747; baseline -0.011 -13"><span class='ocrx_word' id='word_1_6' title='bbox 445 674 575 734; x_wconf 77' lang='lat' dir='ltr'><strong>Miserere</strong></span> <span class='ocrx_word' id='word_1_7' title='bbox 597 675 697 734; x_wconf 84' lang='lat' dir='ltr'><strong>matris</strong></span> <span class='ocrx_word' id='word_1_8' title='bbox 717 677 747 732; x_wconf 88' lang='lat' dir='ltr'><strong>et</strong></span> <span class='ocrx_word' id='word_1_9' title='bbox 768 691 864 747; x_wconf 83' lang='lat' dir='ltr'><strong>preces</strong></span> <span class='ocrx_word' id='word_1_10' title='bbox 885 673 1014 744; x_wconf 81' lang='lat' dir='ltr'><strong>placidus</strong></span> <span class='ocrx_word' id='word_1_11' title='bbox 1034 673 1095 746; x_wconf 78' lang='lat' dir='ltr'><strong>pins</strong></span> 
     </span>
     <span class='ocr_line' id='line_1_3' title="bbox 443 761 1142 836; baseline 0 -18"><span class='ocrx_word' id='word_1_12' title='bbox 443 763 612 834; x_wconf 84' lang='lat' dir='ltr'><strong>Patiensque</strong></span> <span class='ocrx_word' id='word_1_13' title='bbox 632 764 726 836; x_wconf 80' lang='lat' dir='ltr'><strong>recipe</strong></span> <span class='ocrx_word' id='word_1_14' title='bbox 748 779 858 832; x_wconf 88' lang='lat' dir='ltr'><strong>quoque</strong></span> <span class='ocrx_word' id='word_1_15' title='bbox 878 763 909 817; x_wconf 84' lang='lat' dir='ltr'><strong>te</strong></span> <span class='ocrx_word' id='word_1_16' title='bbox 930 761 1035 818; x_wconf 88' lang='lat' dir='ltr'><strong>celsum</strong></span> <span class='ocrx_word' id='word_1_17' title='bbox 1057 762 1142 819; x_wconf 84' lang='lat' dir='ltr'><strong>altius</strong></span> 
     </span>
     <span class='ocr_line' id='line_1_4' title="bbox 443 848 1062 921; baseline 0 -17"><span class='ocrx_word' id='word_1_18' title='bbox 443 849 542 921; x_wconf 85' lang='lat' dir='ltr'><strong>Superi</strong></span> <span class='ocrx_word' id='word_1_19' title='bbox 563 851 703 916; x_wconf 86' lang='lat' dir='ltr'><strong>levarunt,</strong></span> <span class='ocrx_word' id='word_1_20' title='bbox 726 849 822 905; x_wconf 86' lang='lat' dir='ltr'><strong>mitius</strong></span> <span class='ocrx_word' id='word_1_21' title='bbox 843 848 936 918; x_wconf 86' lang='lat' dir='ltr'><strong>lapsos</strong></span> <span class='ocrx_word' id='word_1_22' title='bbox 959 865 1062 918; x_wconf 83' lang='lat' dir='ltr'><strong>preme.</strong></span> 
     </span>
     <span class='ocr_line' id='line_1_5' title="bbox 443 934 1099 993; baseline -0.006 -1"><span class='ocrx_word' id='word_1_23' title='bbox 443 937 572 993; x_wconf 83' lang='lat' dir='ltr'><strong>Miserere</strong></span> <span class='ocrx_word' id='word_1_24' title='bbox 593 938 701 993; x_wconf 83' lang='lat' dir='ltr'><strong>metris.</strong></span> <span class='ocrx_word' id='word_1_25' title='bbox 745 935 866 991; x_wconf 82' lang='lat' dir='ltr'>Unicum</span> <span class='ocrx_word' id='word_1_26' title='bbox 888 935 1007 991; x_wconf 83' lang='lat' dir='ltr'><strong>adflictae</strong></span> <span class='ocrx_word' id='word_1_27' title='bbox 1028 934 1099 990; x_wconf 91' lang='lat' dir='ltr'><strong>mihi</strong></span> 
     </span>
    </p>
   </div>
   <div class='ocr_carea' id='block_1_3' title="bbox 443 1023 1158 1162">
    <p class='ocr_par' dir='ltr' id='par_1_3' title="bbox 443 1023 1158 1162">
     <span class='ocr_line' id='line_1_6' title="bbox 443 1023 716 1080; baseline 0.004 -1"><span class='ocrx_word' id='word_1_28' title='bbox 443 1023 573 1080; x_wconf 79' lang='lat' dir='ltr'><strong>Solamen</strong></span> <span class='ocrx_word' id='word_1_29' title='bbox 595 1024 642 1080; x_wconf 90' lang='lat' dir='ltr'><strong>hio</strong></span> <span class='ocrx_word' id='word_1_30' title='bbox 664 1025 716 1080; x_wconf 86' lang='lat' dir='ltr'><strong>est.</strong></span> 
     </span>
     <span class='ocr_line' id='line_1_7' title="bbox 1000 1106 1158 1162; baseline -0.006 0"><span class='ocrx_word' id='word_1_31' title='bbox 1000 1106 1158 1162; x_wconf 71' lang='lat' dir='ltr'><strong>ror-13.</strong></span> 
     </span>
    </p>
   </div>
   <div class='ocr_carea' id='block_1_4' title="bbox 163 1226 1466 1514">
    <p class='ocr_par' dir='ltr' id='par_1_4' title="bbox 163 1226 1466 1514">
     <span class='ocr_line' id='line_1_8' title="bbox 288 1226 1464 1310; baseline 0.003 -21"><span class='ocrx_word' id='word_1_32' title='bbox 288 1227 406 1292; x_wconf 87' lang='lat' dir='ltr'><strong>Deinde</strong></span> <span class='ocrx_word' id='word_1_33' title='bbox 438 1229 582 1310; x_wconf 88' lang='lat' dir='ltr'><strong>producto</strong></span> <span class='ocrx_word' id='word_1_34' title='bbox 611 1228 699 1310; x_wconf 91' lang='lat' dir='ltr'><strong>jussu</strong></span> <span class='ocrx_word' id='word_1_35' title='bbox 720 1227 819 1292; x_wconf 82' lang='lat' dir='ltr'><strong>Ulixis</strong></span> <span class='ocrx_word' id='word_1_36' title='bbox 840 1227 901 1290; x_wconf 88' lang='lat' dir='ltr'><strong>filio</strong></span> <span class='ocrx_word' id='word_1_37' title='bbox 924 1234 955 1290; x_wconf 86' lang='lat' dir='ltr'><strong>et</strong></span> <span class='ocrx_word' id='word_1_38' title='bbox 976 1226 1014 1290; x_wconf 84' lang='lat' dir='ltr'><strong>cd</strong></span> <span class='ocrx_word' id='word_1_39' title='bbox 1037 1246 1132 1307; x_wconf 79' lang='lat' dir='ltr'><strong>genua</strong></span> <span class='ocrx_word' id='word_1_40' title='bbox 1154 1227 1218 1308; x_wconf 89' lang='lat' dir='ltr'><strong>ejus</strong></span> <span class='ocrx_word' id='word_1_41' title='bbox 1240 1227 1362 1293; x_wconf 79' lang='lat' dir='ltr'><strong>admoto</strong></span> <span class='ocrx_word' id='word_1_42' title='bbox 1384 1231 1464 1294; x_wconf 88' lang='lat' dir='ltr'><strong>ller-</strong></span> 
     </span>
     <span class='ocr_line' id='line_1_9' title="bbox 201 1326 1464 1413; baseline 0.002 -22"><span class='ocrx_word' id='word_1_43' title='bbox 201 1326 276 1392; x_wconf 89' lang='lat' dir='ltr'><strong>oulis</strong></span> <span class='ocrx_word' id='word_1_44' title='bbox 308 1331 378 1393; x_wconf 90' lang='lat' dir='ltr'><strong>olim</strong></span> <span class='ocrx_word' id='word_1_45' title='bbox 412 1329 535 1394; x_wconf 88' lang='lat' dir='ltr'><strong>victoris</strong></span> <span class='ocrx_word' id='word_1_46' title='bbox 567 1330 597 1392; x_wconf 92' lang='lat' dir='ltr'><strong>in</strong></span> <span class='ocrx_word' id='word_1_47' title='bbox 631 1349 722 1411; x_wconf 87' lang='lat' dir='ltr'><strong>puero</strong></span> <span class='ocrx_word' id='word_1_48' title='bbox 755 1329 878 1391; x_wconf 88' lang='lat' dir='ltr'><strong>Priamo</strong></span> <span class='ocrx_word' id='word_1_49' title='bbox 912 1329 1103 1390; x_wconf 79' lang='lat' dir='ltr'><strong>clementiam</strong></span> <span class='ocrx_word' id='word_1_50' title='bbox 1125 1330 1247 1409; x_wconf 88' lang='lat' dir='ltr'><strong>profert.</strong></span> <span class='ocrx_word' id='word_1_51' title='bbox 1290 1330 1346 1394; x_wconf 89' lang='lat' dir='ltr'><strong>Ille</strong></span> <span class='ocrx_word' id='word_1_52' title='bbox 1369 1351 1464 1413; x_wconf 91' lang='lat' dir='ltr'><strong>neque</strong></span> 
     </span>
     <span class='ocr_line' id='line_1_10' title="bbox 163 1428 1466 1514; baseline 0.002 -22"><span class='ocrx_word' id='word_1_53' title='bbox 163 1504 167 1512; x_wconf 25' lang='grc' dir='ltr'><strong><em>ι</em></strong></span> <span class='ocrx_word' id='word_1_54' title='bbox 202 1430 340 1510; x_wconf 81' lang='lat' dir='ltr'><strong>precibus</strong></span> <span class='ocrx_word' id='word_1_55' title='bbox 373 1431 438 1511; x_wconf 88' lang='lat' dir='ltr'><strong>ejus</strong></span> <span class='ocrx_word' id='word_1_56' title='bbox 471 1439 608 1493; x_wconf 90' lang='lat' dir='ltr'><strong>movetur</strong></span> <span class='ocrx_word' id='word_1_57' title='bbox 636 1438 666 1492; x_wconf 88' lang='lat' dir='ltr'><strong>et</strong></span> <span class='ocrx_word' id='word_1_58' title='bbox 688 1429 804 1512; x_wconf 86' lang='lat' dir='ltr'><strong>probris</strong></span> <span class='ocrx_word' id='word_1_59' title='bbox 826 1428 985 1492; x_wconf 79' lang='lat' dir='ltr'><strong>lacessenti</strong></span> <span class='ocrx_word' id='word_1_60' title='bbox 1007 1439 1037 1491; x_wconf 89' lang='lat' dir='ltr'><strong>et</strong></span> <span class='ocrx_word' id='word_1_61' title='bbox 1058 1429 1199 1508; x_wconf 84' lang='lat' dir='ltr'><strong>ignavum</strong></span> <span class='ocrx_word' id='word_1_62' title='bbox 1222 1429 1307 1509; x_wconf 84' lang='lat' dir='ltr'><strong>alias,</strong></span> <span class='ocrx_word' id='word_1_63' title='bbox 1329 1431 1359 1494; x_wconf 91' lang='lat' dir='ltr'><strong>in</strong></span> <span class='ocrx_word' id='word_1_64' title='bbox 1381 1431 1466 1514; x_wconf 90' lang='lat' dir='ltr'><strong>pueri</strong></span> 
     </span>
    </p>
   </div>
   <div class='ocr_carea' id='block_1_5' title="bbox 204 1530 1123 1611">
    <p class='ocr_par' dir='ltr' id='par_1_5' title="bbox 204 1530 1123 1611">
     <span class='ocr_line' id='line_1_11' title="bbox 204 1530 1123 1611; baseline -0.001 -17"><span class='ocrx_word' id='word_1_65' title='bbox 204 1532 413 1596; x_wconf 87' lang='lat' dir='ltr'><strong>tantummodo</strong></span> <span class='ocrx_word' id='word_1_66' title='bbox 436 1531 518 1594; x_wconf 86' lang='lat' dir='ltr'><strong>ccede</strong></span> <span class='ocrx_word' id='word_1_67' title='bbox 539 1533 646 1594; x_wconf 85' lang='lat' dir='ltr'><strong>fortem</strong></span> <span class='ocrx_word' id='word_1_68' title='bbox 669 1530 788 1594; x_wconf 86' lang='lat' dir='ltr'><strong>vocanti</strong></span> <span class='ocrx_word' id='word_1_69' title='bbox 810 1532 974 1611; x_wconf 83' lang='lat' dir='ltr'><strong>respondet</strong></span> <span class='ocrx_word' id='word_1_70' title='bbox 996 1530 1123 1611; x_wconf 84' lang='lat' dir='ltr'><strong>optime:</strong></span> 
     </span>
    </p>
   </div>
   <div class='ocr_carea' id='block_1_6' title="bbox 442 1630 1057 1688">
    <p class='ocr_par' dir='ltr' id='par_1_6' title="bbox 442 1630 1057 1688">
     <span class='ocr_line' id='line_1_12' title="bbox 442 1630 1057 1688; baseline -0.007 0"><span class='ocrx_word' id='word_1_71' title='bbox 442 1631 540 1688; x_wconf 78' lang='lat' dir='ltr'><strong>Virtus</strong></span> <span class='ocrx_word' id='word_1_72' title='bbox 562 1631 652 1688; x_wconf 82' lang='lat' dir='ltr'><strong>Ulixis</strong></span> <span class='ocrx_word' id='word_1_73' title='bbox 675 1631 809 1688; x_wconf 79' lang='lat' dir='ltr'><strong>Danaidis</strong></span> <span class='ocrx_word' id='word_1_74' title='bbox 831 1633 900 1686; x_wconf 86' lang='lat' dir='ltr'><strong>nota</strong></span> <span class='ocrx_word' id='word_1_75' title='bbox 923 1633 965 1687; x_wconf 92' lang='lat' dir='ltr'><strong>est</strong></span> <span class='ocrx_word' id='word_1_76' title='bbox 988 1630 1057 1685; x_wconf 82' lang='lat' dir='ltr'><strong>sutis</strong></span> 
     </span>
    </p>
   </div>
   <div class='ocr_carea' id='block_1_7' title="bbox 384 1717 1194 1791">
    <p class='ocr_par' dir='ltr' id='par_1_7' title="bbox 384 1717 1194 1791">
     <span class='ocr_line' id='line_1_13' title="bbox 384 1717 1194 1791; baseline -0.004 -16"><span class='ocrx_word' id='word_1_77' title='bbox 384 1733 385 1736; x_wconf 78' lang='grc'>’</span> <span class='ocrx_word' id='word_1_78' title='bbox 443 1719 590 1789; x_wconf 83' lang='lat' dir='ltr'><strong>Nimiaque</strong></span> <span class='ocrx_word' id='word_1_79' title='bbox 610 1719 778 1791; x_wconf 80' lang='lat' dir='ltr'><strong>Phrygibus.</strong></span> <span class='ocrx_word' id='word_1_80' title='bbox 824 1717 889 1773; x_wconf 89' lang='lat' dir='ltr'><strong>Non</strong></span> <span class='ocrx_word' id='word_1_81' title='bbox 912 1719 996 1774; x_wconf 83' lang='lat' dir='ltr'><strong>vacat</strong></span> <span class='ocrx_word' id='word_1_82' title='bbox 1019 1717 1099 1772; x_wconf 78' lang='lat' dir='ltr'><strong>venia</strong></span> <span class='ocrx_word' id='word_1_83' title='bbox 1120 1717 1194 1772; x_wconf 89' lang='lat' dir='ltr'><strong>diem</strong></span> 
     </span>
    </p>
   </div>
   <div class='ocr_carea' id='block_1_8' title="bbox 443 1803 1160 1948">
    <p class='ocr_par' dir='ltr' id='par_1_8' title="bbox 443 1803 1160 1948">
     <span class='ocr_line' id='line_1_14' title="bbox 443 1803 1109 1946; baseline -0.003 -84"><span class='ocrx_word' id='word_1_84' title='bbox 443 1805 593 1862; x_wconf 80' lang='lat' dir='ltr'><strong>Conterere</strong></span> <span class='ocrx_word' id='word_1_85' title='bbox 615 1805 715 1862; x_wconf 88' lang='lat' dir='ltr'><strong>verbis.</strong></span> <span class='ocrx_word' id='word_1_86' title='bbox 760 1805 884 1861; x_wconf 87' lang='lat' dir='ltr'><strong>Ancoras</strong></span> <span class='ocrx_word' id='word_1_87' title='bbox 906 1803 1001 1860; x_wconf 86' lang='lat' dir='ltr'><strong>classis</strong></span> <span class='ocrx_word' id='word_1_88' title='bbox 1024 1803 1109 1946; x_wconf 56' lang='lat' dir='ltr'><strong>qeget.</strong></span> 
     </span>
     <span class='ocr_line' id='line_1_15' title="bbox 838 1892 1160 1948; baseline -0.003 -1"><span class='ocrx_word' id='word_1_89' title='bbox 838 1895 843 1908; x_wconf 86' lang='lat'>&#39;</span> <span class='ocrx_word' id='word_1_90' title='bbox 1003 1893 1018 1946; x_wconf 84' lang='grc'><strong>7</strong></span> <span class='ocrx_word' id='word_1_91' title='bbox 1046 1892 1160 1948; x_wconf 83' lang='grc'><strong>7-69,</strong></span> 
     </span>
    </p>
   </div>
   <div class='ocr_carea' id='block_1_9' title="bbox 286 2009 1467 2095">
    <p class='ocr_par' dir='ltr' id='par_1_9' title="bbox 286 2009 1467 2095">
     <span class='ocr_line' id='line_1_16' title="bbox 286 2009 1467 2095; baseline 0 -19"><span class='ocrx_word' id='word_1_92' title='bbox 286 2014 429 2077; x_wconf 89' lang='lat' dir='ltr'><strong>Deflendi</strong></span> <span class='ocrx_word' id='word_1_93' title='bbox 461 2021 565 2077; x_wconf 87' lang='lat' dir='ltr'><strong>tamen</strong></span> <span class='ocrx_word' id='word_1_94' title='bbox 598 2012 728 2095; x_wconf 89' lang='lat' dir='ltr'><strong>spatium</strong></span> <span class='ocrx_word' id='word_1_95' title='bbox 750 2009 863 2093; x_wconf 87' lang='lat' dir='ltr'><strong>petenti</strong></span> <span class='ocrx_word' id='word_1_96' title='bbox 886 2011 1024 2076; x_wconf 87' lang='lat' dir='ltr'><strong>coneedit</strong></span> <span class='ocrx_word' id='word_1_97' title='bbox 1045 2011 1237 2094; x_wconf 85' lang='lat' dir='ltr'><strong>sequiturque</strong></span> <span class='ocrx_word' id='word_1_98' title='bbox 1255 2011 1318 2092; x_wconf 84' lang='lat' dir='ltr'><strong>jam</strong></span> <span class='ocrx_word' id='word_1_99' title='bbox 1341 2011 1467 2076; x_wconf 86' lang='lat' dir='ltr'><strong>Andro-</strong></span> 
     </span>
    </p>
   </div>
   <div class='ocr_carea' id='block_1_10' title="bbox 202 2115 1179 2542">
    <p class='ocr_par' dir='ltr' id='par_1_10' title="bbox 202 2115 1179 2542">
     <span class='ocr_line' id='line_1_17' title="bbox 202 2115 530 2179; baseline -0.006 -1"><span class='ocrx_word' id='word_1_100' title='bbox 202 2115 316 2178; x_wconf 83' lang='lat' dir='ltr'><strong>meobae</strong></span> <span class='ocrx_word' id='word_1_101' title='bbox 339 2115 530 2179; x_wconf 77' lang='lat' dir='ltr'><strong>lamentatio:</strong></span> 
     </span>
     <span class='ocr_line' id='line_1_18' title="bbox 444 2213 814 2285; baseline -0.005 -14"><span class='ocrx_word' id='word_1_102' title='bbox 444 2214 553 2271; x_wconf 88' lang='lat' dir='ltr'><strong>Occidis</strong></span> <span class='ocrx_word' id='word_1_103' title='bbox 574 2231 678 2285; x_wconf 80' lang='lat' dir='ltr'><strong>parvus</strong></span> <span class='ocrx_word' id='word_1_104' title='bbox 699 2213 814 2284; x_wconf 87' lang='lat' dir='ltr'><strong>quidem</strong></span> 
     </span>
     <span class='ocr_line' id='line_1_19' title="bbox 443 2301 1157 2372; baseline -0.001 -14"><span class='ocrx_word' id='word_1_105' title='bbox 443 2301 497 2358; x_wconf 81' lang='lat' dir='ltr'><strong>Sed</strong></span> <span class='ocrx_word' id='word_1_106' title='bbox 513 2302 576 2372; x_wconf 82' lang='lat' dir='ltr'><strong>jam</strong></span> <span class='ocrx_word' id='word_1_107' title='bbox 595 2302 745 2358; x_wconf 85' lang='lat' dir='ltr'><strong>timendus.</strong></span> <span class='ocrx_word' id='word_1_108' title='bbox 786 2301 870 2357; x_wconf 84' lang='lat' dir='ltr'><strong>Troia</strong></span> <span class='ocrx_word' id='word_1_109' title='bbox 891 2303 921 2356; x_wconf 91' lang='lat' dir='ltr'><strong>te</strong></span> <span class='ocrx_word' id='word_1_110' title='bbox 943 2302 1075 2370; x_wconf 81' lang='lat' dir='ltr'><strong>expectet</strong></span> <span class='ocrx_word' id='word_1_111' title='bbox 1096 2302 1157 2357; x_wconf 83' lang='lat' dir='ltr'><strong>tua.</strong></span> 
     </span>
     <span class='ocr_line' id='line_1_20' title="bbox 444 2387 1091 2455; baseline -0.005 -11"><span class='ocrx_word' id='word_1_112' title='bbox 444 2388 467 2455; x_wconf 90' lang='lat' dir='ltr'><strong>I,</strong></span> <span class='ocrx_word' id='word_1_113' title='bbox 491 2389 563 2444; x_wconf 84' lang='lat' dir='ltr'><strong>vade</strong></span> <span class='ocrx_word' id='word_1_114' title='bbox 585 2387 665 2444; x_wconf 90' lang='lat' dir='ltr'><strong>liber.</strong></span> <span class='ocrx_word' id='word_1_115' title='bbox 710 2388 824 2444; x_wconf 86' lang='lat' dir='ltr'><strong>Liberos</strong></span> <span class='ocrx_word' id='word_1_116' title='bbox 847 2388 935 2444; x_wconf 80' lang='lat' dir='ltr'><strong>Troes</strong></span> <span class='ocrx_word' id='word_1_117' title='bbox 957 2387 1030 2444; x_wconf 82' lang='lat' dir='ltr'><strong>vide.</strong></span> <span class='ocrx_word' id='word_1_118' title='bbox 1057 2418 1091 2427; x_wconf 94' lang='lat'><em>-</em></span> 
     </span>
     <span class='ocr_line' id='line_1_21' title="bbox 447 2473 1179 2542; baseline -0.003 -12"><span class='ocrx_word' id='word_1_119' title='bbox 447 2476 576 2530; x_wconf 83' lang='lat' dir='ltr'><strong>Miserere</strong></span> <span class='ocrx_word' id='word_1_120' title='bbox 598 2479 698 2532; x_wconf 82' lang='lat' dir='ltr'><strong>muter.</strong></span> <span class='ocrx_word' id='word_1_121' title='bbox 725 2506 759 2515; x_wconf 92' lang='lat'>-</span> <span class='ocrx_word' id='word_1_122' title='bbox 787 2475 859 2542; x_wconf 83' lang='lat' dir='ltr'><strong>Quid</strong></span> <span class='ocrx_word' id='word_1_123' title='bbox 881 2491 956 2529; x_wconf 88' lang='lat' dir='ltr'><strong>meos</strong></span> <span class='ocrx_word' id='word_1_124' title='bbox 977 2473 1081 2530; x_wconf 90' lang='lat' dir='ltr'><strong>retines</strong></span> <span class='ocrx_word' id='word_1_125' title='bbox 1103 2474 1179 2529; x_wconf 89' lang='lat' dir='ltr'><strong>sinus</strong></span> 
     </span>
    </p>
   </div>
   <div class='ocr_carea' id='block_1_11' title="bbox 445 2561 1184 2704">
    <p class='ocr_par' dir='ltr' id='par_1_11' title="bbox 445 2561 1184 2704">
     <span class='ocr_line' id='line_1_22' title="bbox 445 2561 1142 2633; baseline -0.003 -15"><span class='ocrx_word' id='word_1_126' title='bbox 445 2563 599 2633; x_wconf 85' lang='lat' dir='ltr'><strong>Menusque</strong></span> <span class='ocrx_word' id='word_1_127' title='bbox 622 2563 742 2620; x_wconf 77' lang='lat' dir='ltr'><strong>matris?</strong></span> <span class='ocrx_word' id='word_1_128' title='bbox 764 2580 842 2618; x_wconf 82' lang='lat' dir='ltr'><strong>cassu</strong></span> <span class='ocrx_word' id='word_1_129' title='bbox 863 2561 993 2632; x_wconf 77' lang='lat' dir='ltr'><strong>praesidio</strong></span> <span class='ocrx_word' id='word_1_130' title='bbox 1014 2579 1142 2632; x_wconf 81' lang='lat' dir='ltr'><strong>occupes.</strong></span> 
     </span>
     <span class='ocr_line' id='line_1_23' title="bbox 1003 2648 1184 2704; baseline 0.006 -2"><span class='ocrx_word' id='word_1_131' title='bbox 1003 2648 1184 2704; x_wconf 80' lang='lat'><strong>799-803.</strong></span> 
     </span>
    </p>
   </div>
   <div class='ocr_carea' id='block_1_12' title="bbox 445 2745 1217 3954">
    <p class='ocr_par' dir='ltr' id='par_1_12' title="bbox 445 2745 1217 3878">
     <span class='ocr_line' id='line_1_24' title="bbox 802 2745 1155 2840; baseline 0.008 -16"><span class='ocrx_word' id='word_1_132' title='bbox 802 2745 910 2824; x_wconf 60' lang='lat' dir='ltr'><strong>&#39;Oscula</strong></span> <span class='ocrx_word' id='word_1_133' title='bbox 932 2772 961 2825; x_wconf 90' lang='lat' dir='ltr'><strong>et</strong></span> <span class='ocrx_word' id='word_1_134' title='bbox 982 2768 1063 2825; x_wconf 85' lang='lat' dir='ltr'><strong>fietus</strong></span> <span class='ocrx_word' id='word_1_135' title='bbox 1086 2787 1155 2840; x_wconf 89' lang='lat' dir='ltr'><strong>puer</strong></span> 
     </span>
     <span class='ocr_line' id='line_1_25' title="bbox 445 2855 1101 2927; baseline 0 -17"><span class='ocrx_word' id='word_1_136' title='bbox 445 2855 616 2926; x_wconf 79' lang='lat' dir='ltr'><strong>Luceresque</strong></span> <span class='ocrx_word' id='word_1_137' title='bbox 639 2856 729 2911; x_wconf 89' lang='lat' dir='ltr'><strong>crines</strong></span> <span class='ocrx_word' id='word_1_138' title='bbox 751 2857 848 2926; x_wconf 86' lang='lat' dir='ltr'><strong>excipe</strong></span> <span class='ocrx_word' id='word_1_139' title='bbox 871 2858 900 2912; x_wconf 92' lang='lat' dir='ltr'><strong>et</strong></span> <span class='ocrx_word' id='word_1_140' title='bbox 925 2856 1024 2927; x_wconf 89' lang='lat' dir='ltr'><strong>plenus</strong></span> <span class='ocrx_word' id='word_1_141' title='bbox 1046 2856 1101 2911; x_wconf 90' lang='lat' dir='ltr'><strong>mei</strong></span> 
     </span>
     <span class='ocr_line' id='line_1_26' title="bbox 448 2942 1088 3015; baseline 0 -17"><span class='ocrx_word' id='word_1_142' title='bbox 448 2942 567 2998; x_wconf 88' lang='lat' dir='ltr'><strong>Occurre</strong></span> <span class='ocrx_word' id='word_1_143' title='bbox 589 2943 675 3015; x_wconf 83' lang='lat' dir='ltr'><strong>petri.</strong></span> <span class='ocrx_word' id='word_1_144' title='bbox 719 2943 814 3000; x_wconf 79' lang='lat' dir='ltr'><strong>Pauca</strong></span> <span class='ocrx_word' id='word_1_145' title='bbox 836 2945 970 3000; x_wconf 82' lang='lat' dir='ltr'><strong>maternae</strong></span> <span class='ocrx_word' id='word_1_146' title='bbox 991 2945 1088 2999; x_wconf 80' lang='lat' dir='ltr'><strong>tumen</strong></span> 
     </span>
     <span class='ocr_line' id='line_1_27' title="bbox 447 3029 1100 3100; baseline 0.003 -16"><span class='ocrx_word' id='word_1_147' title='bbox 447 3029 542 3085; x_wconf 79' lang='lat' dir='ltr'><strong>Perfer·</strong></span> <span class='ocrx_word' id='word_1_148' title='bbox 565 3030 684 3100; x_wconf 86' lang='lat' dir='ltr'><strong>querelce</strong></span> <span class='ocrx_word' id='word_1_149' title='bbox 707 3030 806 3086; x_wconf 85' lang='lat' dir='ltr'><strong>verba:</strong></span> <span class='ocrx_word' id='word_1_150' title='bbox 830 3031 853 3084; x_wconf 92' lang='lat' dir='ltr'><strong>si</strong></span> <span class='ocrx_word' id='word_1_151' title='bbox 874 3047 971 3086; x_wconf 81' lang='lat' dir='ltr'><strong>menes</strong></span> <span class='ocrx_word' id='word_1_152' title='bbox 992 3030 1100 3086; x_wconf 84' lang='lat' dir='ltr'><strong>habent</strong></span> 
     </span>
     <span class='ocr_line' id='line_1_28' title="bbox 446 3116 1079 3187; baseline 0.003 -15"><span class='ocrx_word' id='word_1_153' title='bbox 446 3117 533 3172; x_wconf 78' lang='lat' dir='ltr'><strong>Cures</strong></span> <span class='ocrx_word' id='word_1_154' title='bbox 554 3117 660 3187; x_wconf 85' lang='lat' dir='ltr'><strong>priores</strong></span> <span class='ocrx_word' id='word_1_155' title='bbox 681 3135 733 3173; x_wconf 90' lang='lat' dir='ltr'><strong>nee</strong></span> <span class='ocrx_word' id='word_1_156' title='bbox 754 3118 829 3187; x_wconf 86' lang='lat' dir='ltr'><strong>perit</strong></span> <span class='ocrx_word' id='word_1_157' title='bbox 850 3116 970 3172; x_wconf 86' lang='lat' dir='ltr'><strong>flammis</strong></span> <span class='ocrx_word' id='word_1_158' title='bbox 992 3135 1079 3183; x_wconf 87' lang='lat' dir='ltr'><strong>amor,</strong></span> 
     </span>
     <span class='ocr_line' id='line_1_29' title="bbox 448 3203 1104 3276; baseline 0.002 -17"><span class='ocrx_word' id='word_1_159' title='bbox 448 3204 556 3260; x_wconf 82' lang='lat' dir='ltr'><strong>Serrire</strong></span> <span class='ocrx_word' id='word_1_160' title='bbox 577 3204 658 3276; x_wconf 80' lang='lat' dir='ltr'><strong>greio</strong></span> <span class='ocrx_word' id='word_1_161' title='bbox 679 3204 786 3276; x_wconf 74' lang='lat' dir='ltr'><strong>paterii</strong></span> <span class='ocrx_word' id='word_1_162' title='bbox 806 3203 1022 3261; x_wconf 72' lang='lat' dir='ltr'><strong>Andromachen</strong></span> <span class='ocrx_word' id='word_1_163' title='bbox 1043 3205 1104 3262; x_wconf 82' lang='lat' dir='ltr'><strong>viro</strong></span> 
     </span>
     <span class='ocr_line' id='line_1_30' title="bbox 449 3289 1135 3364; baseline -0.001 -18"><span class='ocrx_word' id='word_1_164' title='bbox 449 3289 573 3346; x_wconf 84' lang='lat' dir='ltr'><strong>Crudelis</strong></span> <span class='ocrx_word' id='word_1_165' title='bbox 595 3291 718 3347; x_wconf 78' lang='lat' dir='ltr'><strong>Hector?</strong></span> <span class='ocrx_word' id='word_1_166' title='bbox 762 3291 866 3347; x_wconf 85' lang='lat' dir='ltr'><strong>Lentus</strong></span> <span class='ocrx_word' id='word_1_167' title='bbox 888 3294 917 3348; x_wconf 91' lang='lat' dir='ltr'><strong>et</strong></span> <span class='ocrx_word' id='word_1_168' title='bbox 938 3292 1030 3364; x_wconf 75' lang='lat' dir='ltr'><strong>segnis</strong></span> <span class='ocrx_word' id='word_1_169' title='bbox 1048 3292 1135 3363; x_wconf 73' lang='lat' dir='ltr'><strong>jaces.</strong></span> 
     </span>
     <span class='ocr_line' id='line_1_31' title="bbox 450 3377 1162 3434; baseline -0.003 -2"><span class='ocrx_word' id='word_1_170' title='bbox 450 3378 545 3432; x_wconf 82' lang='lat' dir='ltr'><strong>Rediit</strong></span> <span class='ocrx_word' id='word_1_171' title='bbox 566 3378 700 3433; x_wconf 83' lang='lat' dir='ltr'><strong>Achilles.</strong></span> <span class='ocrx_word' id='word_1_172' title='bbox 745 3377 826 3433; x_wconf 86' lang='lat' dir='ltr'><strong>Sume</strong></span> <span class='ocrx_word' id='word_1_173' title='bbox 848 3396 924 3434; x_wconf 91' lang='lat' dir='ltr'><strong>nuno</strong></span> <span class='ocrx_word' id='word_1_174' title='bbox 945 3380 1048 3434; x_wconf 88' lang='lat' dir='ltr'><strong>iterum</strong></span> <span class='ocrx_word' id='word_1_175' title='bbox 1070 3394 1162 3433; x_wconf 83' lang='lat' dir='ltr'><strong>comes</strong></span> 
     </span>
     <span class='ocr_line' id='line_1_32' title="bbox 449 3465 1119 3535; baseline 0 -16"><span class='ocrx_word' id='word_1_176' title='bbox 449 3465 486 3520; x_wconf 82' lang='lat' dir='ltr'><strong>Et</strong></span> <span class='ocrx_word' id='word_1_177' title='bbox 507 3481 584 3519; x_wconf 89' lang='lat' dir='ltr'><strong>sume</strong></span> <span class='ocrx_word' id='word_1_178' title='bbox 605 3465 745 3530; x_wconf 79' lang='lat' dir='ltr'><strong>lacrimas,</strong></span> <span class='ocrx_word' id='word_1_179' title='bbox 769 3481 845 3520; x_wconf 82' lang='lat' dir='ltr'><strong>eume</strong></span> <span class='ocrx_word' id='word_1_180' title='bbox 867 3484 929 3535; x_wconf 83' lang='lat' dir='ltr'><strong>quae</strong></span> <span class='ocrx_word' id='word_1_181' title='bbox 949 3465 1048 3520; x_wconf 81' lang='lat' dir='ltr'><strong>reddas</strong></span> <span class='ocrx_word' id='word_1_182' title='bbox 1070 3466 1119 3520; x_wconf 92' lang='lat' dir='ltr'><strong>tuo</strong></span> 
     </span>
     <span class='ocr_line' id='line_1_33' title="bbox 451 3549 1093 3621; baseline -0.002 -15"><span class='ocrx_word' id='word_1_183' title='bbox 451 3551 554 3607; x_wconf 84' lang='lat' dir='ltr'><strong>Oscula</strong></span> <span class='ocrx_word' id='word_1_184' title='bbox 574 3551 697 3621; x_wconf 83' lang='lat' dir='ltr'><strong>percuti.</strong></span> <span class='ocrx_word' id='word_1_185' title='bbox 741 3552 842 3608; x_wconf 85' lang='lat' dir='ltr'><strong>Matris</strong></span> <span class='ocrx_word' id='word_1_186' title='bbox 862 3551 937 3608; x_wconf 88' lang='lat' dir='ltr'><strong>hano</strong></span> <span class='ocrx_word' id='word_1_187' title='bbox 958 3549 1093 3607; x_wconf 73' lang='lat' dir='ltr'><strong>solacium</strong></span> 
     </span>
     <span class='ocr_line' id='line_1_34' title="bbox 450 3637 1217 3710; baseline 0.001 -17"><span class='ocrx_word' id='word_1_188' title='bbox 450 3637 588 3708; x_wconf 85' lang='lat' dir='ltr'><strong>Relinque</strong></span> <span class='ocrx_word' id='word_1_189' title='bbox 610 3641 723 3695; x_wconf 85' lang='lat' dir='ltr'><strong>vestem.</strong></span> <span class='ocrx_word' id='word_1_190' title='bbox 768 3638 902 3694; x_wconf 79' lang='lat' dir='ltr'><strong>Tumulus</strong></span> <span class='ocrx_word' id='word_1_191' title='bbox 923 3639 998 3694; x_wconf 89' lang='lat' dir='ltr'><strong>hane</strong></span> <span class='ocrx_word' id='word_1_192' title='bbox 1019 3637 1117 3710; x_wconf 81' lang='lat' dir='ltr'><strong>tetigit</strong></span> <span class='ocrx_word' id='word_1_193' title='bbox 1140 3655 1217 3694; x_wconf 87' lang='lat' dir='ltr'><strong>meus</strong></span> 
     </span>
     <span class='ocr_line' id='line_1_35' title="bbox 450 3723 1138 3796; baseline 0 -16"><span class='ocrx_word' id='word_1_194' title='bbox 450 3723 601 3795; x_wconf 77' lang='lat' dir='ltr'><strong>Mensaque</strong></span> <span class='ocrx_word' id='word_1_195' title='bbox 623 3728 691 3782; x_wconf 83' lang='lat' dir='ltr'><strong>ocri.</strong></span> <span class='ocrx_word' id='word_1_196' title='bbox 726 3725 755 3782; x_wconf 88' lang='lat' dir='ltr'><strong>Si</strong></span> <span class='ocrx_word' id='word_1_197' title='bbox 777 3725 845 3796; x_wconf 89' lang='lat' dir='ltr'><strong>quid</strong></span> <span class='ocrx_word' id='word_1_198' title='bbox 865 3724 913 3782; x_wconf 90' lang='lat' dir='ltr'><strong>hio</strong></span> <span class='ocrx_word' id='word_1_199' title='bbox 935 3725 1035 3783; x_wconf 86' lang='lat' dir='ltr'><strong>cineris</strong></span> <span class='ocrx_word' id='word_1_200' title='bbox 1055 3725 1138 3790; x_wconf 89' lang='lat' dir='ltr'><strong>latet,</strong></span> 
     </span>
     <span class='ocr_line' id='line_1_36' title="bbox 450 3811 750 3878; baseline 0.013 -10"><span class='ocrx_word' id='word_1_201' title='bbox 450 3811 601 3868; x_wconf 81' lang='lat' dir='ltr'><strong>Scrutabor</strong></span> <span class='ocrx_word' id='word_1_202' title='bbox 623 3831 679 3872; x_wconf 86' lang='lat' dir='ltr'><strong>ore.</strong></span> <span class='ocrx_word' id='word_1_203' title='bbox 747 3869 750 3878; x_wconf 83' lang='lat'>‚</span> 
     </span>
    </p>

    <p class='ocr_par' dir='ltr' id='par_1_13' title="bbox 1005 3897 1163 3954">
     <span class='ocr_line' id='line_1_37' title="bbox 1005 3897 1163 3954; baseline 0 0"><span class='ocrx_word' id='word_1_204' title='bbox 1005 3897 1163 3954; x_wconf 74' lang='lat' dir='ltr'><strong>eoo-21.</strong></span> 
     </span>
    </p>
   </div>
   <div class='ocr_carea' id='block_1_13' title="bbox 211 4017 1472 4810">
    <p class='ocr_par' dir='ltr' id='par_1_14' title="bbox 211 4017 1472 4810">
     <span class='ocr_line' id='line_1_38' title="bbox 293 4017 1472 4101; baseline 0 -21"><span class='ocrx_word' id='word_1_205' title='bbox 293 4017 368 4082; x_wconf 79' lang='lat' dir='ltr'><strong>Here</strong></span> <span class='ocrx_word' id='word_1_206' title='bbox 399 4025 471 4082; x_wconf 87' lang='lat' dir='ltr'><strong>sunt</strong></span> <span class='ocrx_word' id='word_1_207' title='bbox 496 4017 558 4094; x_wconf 85' lang='lat' dir='ltr'><strong>illa,</strong></span> <span class='ocrx_word' id='word_1_208' title='bbox 580 4021 690 4101; x_wconf 89' lang='lat' dir='ltr'><strong>quibus</strong></span> <span class='ocrx_word' id='word_1_209' title='bbox 722 4019 753 4083; x_wconf 94' lang='lat' dir='ltr'><strong>in</strong></span> <span class='ocrx_word' id='word_1_210' title='bbox 784 4019 945 4084; x_wconf 74' lang='lat' dir='ltr'><strong>laudandis</strong></span> <span class='ocrx_word' id='word_1_211' title='bbox 967 4021 1050 4084; x_wconf 87' lang='lat' dir='ltr'><strong>nulla</strong></span> <span class='ocrx_word' id='word_1_212' title='bbox 1071 4019 1146 4082; x_wconf 84' lang='lat' dir='ltr'><strong>estis</strong></span> <span class='ocrx_word' id='word_1_213' title='bbox 1169 4019 1271 4100; x_wconf 85' lang='lat' dir='ltr'><strong>ampla</strong></span> <span class='ocrx_word' id='word_1_214' title='bbox 1293 4026 1382 4101; x_wconf 88' lang='lat' dir='ltr'><strong>atque</strong></span> <span class='ocrx_word' id='word_1_215' title='bbox 1404 4037 1472 4081; x_wconf 85' lang='lat' dir='ltr'><strong>ma·</strong></span> 
     </span>
     <span class='ocr_line' id='line_1_39' title="bbox 213 4117 1471 4202; baseline 0.002 -21"><span class='ocrx_word' id='word_1_216' title='bbox 213 4117 320 4200; x_wconf 80' lang='lat' dir='ltr'><strong>gnifica</strong></span> <span class='ocrx_word' id='word_1_217' title='bbox 341 4120 434 4183; x_wconf 82' lang='lat' dir='ltr'><strong>rerba</strong></span> <span class='ocrx_word' id='word_1_218' title='bbox 454 4119 588 4183; x_wconf 89' lang='lat' dir='ltr'><strong>invenire</strong></span> <span class='ocrx_word' id='word_1_219' title='bbox 609 4119 668 4182; x_wconf 89' lang='lat' dir='ltr'><strong>sibi</strong></span> <span class='ocrx_word' id='word_1_220' title='bbox 691 4139 780 4201; x_wconf 86' lang='lat' dir='ltr'><strong>posse</strong></span> <span class='ocrx_word' id='word_1_221' title='bbox 802 4121 922 4184; x_wconf 89' lang='lat' dir='ltr'><strong>videtur</strong></span> <span class='ocrx_word' id='word_1_222' title='bbox 943 4121 1090 4184; x_wconf 87' lang='lat' dir='ltr'><strong>Kleinius.</strong></span> <span class='ocrx_word' id='word_1_223' title='bbox 1133 4118 1210 4191; x_wconf 78' lang='lat' dir='ltr'><strong>Qnae</strong></span> <span class='ocrx_word' id='word_1_224' title='bbox 1232 4139 1410 4202; x_wconf 83' lang='lat' dir='ltr'><strong>quamquam</strong></span> <span class='ocrx_word' id='word_1_225' title='bbox 1434 4138 1471 4183; x_wconf 87' lang='lat' dir='ltr'><strong>ea</strong></span> 
     </span>
     <span class='ocr_line' id='line_1_40' title="bbox 212 4218 1470 4303; baseline 0 -21"><span class='ocrx_word' id='word_1_226' title='bbox 212 4218 327 4282; x_wconf 88' lang='lat' dir='ltr'><strong>ratione</strong></span> <span class='ocrx_word' id='word_1_227' title='bbox 358 4221 546 4296; x_wconf 83' lang='lat' dir='ltr'><strong>adumbravi,</strong></span> <span class='ocrx_word' id='word_1_228' title='bbox 579 4230 613 4284; x_wconf 89' lang='lat' dir='ltr'><strong>ut</strong></span> <span class='ocrx_word' id='word_1_229' title='bbox 645 4221 748 4284; x_wconf 86' lang='lat' dir='ltr'><strong>sedulo</strong></span> <span class='ocrx_word' id='word_1_230' title='bbox 781 4241 907 4303; x_wconf 86' lang='lat' dir='ltr'><strong>semper,</strong></span> <span class='ocrx_word' id='word_1_231' title='bbox 929 4242 996 4303; x_wconf 85' lang='lat' dir='ltr'><strong>quae</strong></span> <span class='ocrx_word' id='word_1_232' title='bbox 1018 4222 1147 4285; x_wconf 85' lang='lat' dir='ltr'><strong>maxime</strong></span> <span class='ocrx_word' id='word_1_233' title='bbox 1169 4222 1264 4284; x_wconf 88' lang='lat' dir='ltr'><strong>nitere</strong></span> <span class='ocrx_word' id='word_1_234' title='bbox 1287 4221 1470 4294; x_wconf 86' lang='lat' dir='ltr'><strong>viderentur,</strong></span> 
     </span>
     <span class='ocr_line' id='line_1_41' title="bbox 214 4321 1470 4404; baseline 0.002 -22"><span class='ocrx_word' id='word_1_235' title='bbox 214 4340 412 4401; x_wconf 78' lang='lat' dir='ltr'><strong>excerperem,</strong></span> <span class='ocrx_word' id='word_1_236' title='bbox 442 4330 543 4384; x_wconf 85' lang='lat' dir='ltr'><strong>tamen</strong></span> <span class='ocrx_word' id='word_1_237' title='bbox 566 4341 653 4384; x_wconf 88' lang='lat' dir='ltr'><strong>nemo</strong></span> <span class='ocrx_word' id='word_1_238' title='bbox 675 4323 741 4396; x_wconf 85' lang='lat' dir='ltr'><strong>erit,</strong></span> <span class='ocrx_word' id='word_1_239' title='bbox 768 4323 885 4404; x_wconf 90' lang='lat' dir='ltr'><strong>opinor,</strong></span> <span class='ocrx_word' id='word_1_240' title='bbox 907 4324 976 4404; x_wconf 89' lang='lat' dir='ltr'><strong>quin</strong></span> <span class='ocrx_word' id='word_1_241' title='bbox 998 4323 1148 4403; x_wconf 83' lang='lat' dir='ltr'><strong>intelligat</strong></span> <span class='ocrx_word' id='word_1_242' title='bbox 1170 4343 1258 4404; x_wconf 86' lang='lat' dir='ltr'><strong>quam</strong></span> <span class='ocrx_word' id='word_1_243' title='bbox 1281 4322 1383 4386; x_wconf 87' lang='lat' dir='ltr'><strong>multis</strong></span> <span class='ocrx_word' id='word_1_244' title='bbox 1405 4321 1470 4384; x_wconf 76' lang='lat' dir='ltr'><strong>hmo</strong></span> 
     </span>
     <span class='ocr_line' id='line_1_42' title="bbox 211 4421 1470 4507; baseline 0 -23"><span class='ocrx_word' id='word_1_245' title='bbox 211 4421 278 4503; x_wconf 88' lang='lat' dir='ltr'><strong>ipsa</strong></span> <span class='ocrx_word' id='word_1_246' title='bbox 299 4440 445 4504; x_wconf 86' lang='lat' dir='ltr'><strong>quamque</strong></span> <span class='ocrx_word' id='word_1_247' title='bbox 467 4423 608 4503; x_wconf 84' lang='lat' dir='ltr'><strong>gravibus</strong></span> <span class='ocrx_word' id='word_1_248' title='bbox 629 4422 710 4486; x_wconf 86' lang='lat' dir='ltr'><strong>vitiis</strong></span> <span class='ocrx_word' id='word_1_249' title='bbox 732 4424 871 4487; x_wconf 75' lang='lat' dir='ltr'><strong>laborent</strong></span> <span class='ocrx_word' id='word_1_250' title='bbox 892 4444 1039 4507; x_wconf 87' lang='lat' dir='ltr'><strong>quamque</strong></span> <span class='ocrx_word' id='word_1_251' title='bbox 1061 4421 1198 4499; x_wconf 88' lang='lat' dir='ltr'><strong>multum,</strong></span> <span class='ocrx_word' id='word_1_252' title='bbox 1220 4423 1247 4486; x_wconf 82' lang='lat' dir='ltr'><strong>si</strong></span> <span class='ocrx_word' id='word_1_253' title='bbox 1262 4442 1331 4486; x_wconf 90' lang='lat' dir='ltr'><strong>vere</strong></span> <span class='ocrx_word' id='word_1_254' title='bbox 1345 4432 1376 4486; x_wconf 87' lang='lat' dir='ltr'><strong>et</strong></span> <span class='ocrx_word' id='word_1_255' title='bbox 1386 4441 1470 4502; x_wconf 73' lang='lat' dir='ltr'><strong>equa</strong></span> 
     </span>
     <span class='ocr_line' id='line_1_43' title="bbox 212 4523 1469 4604; baseline 0.002 -20"><span class='ocrx_word' id='word_1_256' title='bbox 212 4523 338 4586; x_wconf 84' lang='lat' dir='ltr'><strong>velimus</strong></span> <span class='ocrx_word' id='word_1_257' title='bbox 356 4523 501 4604; x_wconf 86' lang='lat' dir='ltr'><strong>judicare,</strong></span> <span class='ocrx_word' id='word_1_258' title='bbox 522 4524 560 4586; x_wconf 85' lang='lat' dir='ltr'><strong>de</strong></span> <span class='ocrx_word' id='word_1_259' title='bbox 582 4524 641 4587; x_wconf 85' lang='lat' dir='ltr'><strong>illis</strong></span> <span class='ocrx_word' id='word_1_260' title='bbox 663 4524 776 4588; x_wconf 87' lang='lat' dir='ltr'><strong>Kleiuii</strong></span> <span class='ocrx_word' id='word_1_261' title='bbox 796 4525 936 4588; x_wconf 87' lang='lat' dir='ltr'><strong>laudibus</strong></span> <span class='ocrx_word' id='word_1_262' title='bbox 957 4527 998 4588; x_wconf 90' lang='lat' dir='ltr'><strong>sit</strong></span> <span class='ocrx_word' id='word_1_263' title='bbox 1019 4524 1245 4589; x_wconf 87' lang='lat' dir='ltr'><strong>detrabendum.</strong></span> <span class='ocrx_word' id='word_1_264' title='bbox 1276 4524 1347 4588; x_wconf 91' lang='lat' dir='ltr'><strong>Non</strong></span> <span class='ocrx_word' id='word_1_265' title='bbox 1368 4533 1469 4586; x_wconf 88' lang='lat' dir='ltr'><strong>tamen</strong></span> 
     </span>
     <span class='ocr_line' id='line_1_44' title="bbox 212 4622 1471 4708; baseline 0.001 -23"><span class='ocrx_word' id='word_1_266' title='bbox 212 4622 257 4687; x_wconf 88' lang='lat' dir='ltr'><strong>ita</strong></span> <span class='ocrx_word' id='word_1_267' title='bbox 289 4643 392 4687; x_wconf 89' lang='lat' dir='ltr'><strong>snmus</strong></span> <span class='ocrx_word' id='word_1_268' title='bbox 413 4624 588 4699; x_wconf 88' lang='lat' dir='ltr'><strong>detracturi,</strong></span> <span class='ocrx_word' id='word_1_269' title='bbox 610 4632 722 4688; x_wconf 90' lang='lat' dir='ltr'><strong>utnon</strong></span> <span class='ocrx_word' id='word_1_270' title='bbox 744 4626 890 4708; x_wconf 79' lang='lat' dir='ltr'><strong>integram</strong></span> <span class='ocrx_word' id='word_1_271' title='bbox 912 4627 1117 4708; x_wconf 85' lang='lat' dir='ltr'><strong>intactamque</strong></span> <span class='ocrx_word' id='word_1_272' title='bbox 1137 4625 1267 4708; x_wconf 86' lang='lat' dir='ltr'><strong>aliquam</strong></span> <span class='ocrx_word' id='word_1_273' title='bbox 1285 4632 1399 4705; x_wconf 77' lang='lat' dir='ltr'><strong>purtem</strong></span> <span class='ocrx_word' id='word_1_274' title='bbox 1418 4643 1471 4687; x_wconf 83' lang='lat' dir='ltr'><strong>ea·</strong></span> 
     </span>
     <span class='ocr_line' id='line_1_45' title="bbox 214 4725 1469 4810; baseline 0.001 -23"><span class='ocrx_word' id='word_1_275' title='bbox 214 4743 278 4788; x_wconf 88' lang='lat' dir='ltr'><strong>rom</strong></span> <span class='ocrx_word' id='word_1_276' title='bbox 296 4725 509 4808; x_wconf 85' lang='lat' dir='ltr'><strong>relinquamus,</strong></span> <span class='ocrx_word' id='word_1_277' title='bbox 520 4745 615 4808; x_wconf 85' lang='lat' dir='ltr'><strong>neque</strong></span> <span class='ocrx_word' id='word_1_278' title='bbox 626 4727 708 4790; x_wconf 84' lang='lat' dir='ltr'><strong>illam</strong></span> <span class='ocrx_word' id='word_1_279' title='bbox 719 4727 838 4810; x_wconf 89' lang='lat' dir='ltr'><strong>quidem</strong></span> <span class='ocrx_word' id='word_1_280' title='bbox 851 4729 1110 4810; x_wconf 70' lang='lat' dir='ltr'><strong>contemnendam,</strong></span> <span class='ocrx_word' id='word_1_281' title='bbox 1121 4727 1174 4790; x_wconf 86' lang='lat' dir='ltr'><strong>aed</strong></span> <span class='ocrx_word' id='word_1_282' title='bbox 1185 4734 1331 4808; x_wconf 80' lang='lat' dir='ltr'><strong>quantam</strong></span> <span class='ocrx_word' id='word_1_283' title='bbox 1343 4726 1469 4792; x_wconf 77' lang='lat' dir='ltr'><strong>Seneca</strong></span> 
     </span>
    </p>
   </div>
   <div class='ocr_carea' id='block_1_14' title="bbox 0 0 1796 5406">
    <p class='ocr_par' dir='ltr' id='par_1_15' title="bbox 0 0 1796 5406">
     <span class='ocr_line' id='line_1_46' title="bbox 0 0 1796 5406; baseline 0 0"><span class='ocrx_word' id='word_1_284' title='bbox 0 0 1796 5406; x_wconf 95' lang='lat' dir='ltr'><strong> </strong></span> 
     </span>
    </p>
   </div>
  </div>
 </body>
</html>
