3508 5404
545 541 585 598 De
607 541 638 598 t.
661 541 760 600 Annei
782 541 892 599 Seneca
913 541 1084 614 ibagoediis.
1384 537 1445 598 108

143 769 145 773 .
184 713 272 776 cendi
291 711 422 776 eruduit
442 713 610 790 fluxmunt3
640 713 711 777 binc
731 713 791 778 ille
811 713 951 796 argutia,
982 711 1042 778 iliae
1061 715 1181 795 Qurse,
1212 713 1266 778 iiia
1286 713 1447 797 enthyme-

173 817 282 879 mate:
305 813 375 877 binc
395 814 454 877 itta
476 825 575 878 eootae
596 816 758 898 brevesque
779 814 957 890 sententia,
979 815 1087 898 quibos
1115 815 1160 878 ita
1181 813 1318 878 abundat
1338 823 1447 895 posta,

182 923 234 991 ot,
267 915 515 998 quemadmodum
548 917 703 1000 Lydorum
729 917 812 980 ilium
841 935 960 996 regem,
996 915 1134 998 quicquid
1161 919 1253 980 mauu
1278 915 1448 996 attigisset,

181 1017 213 1078 in
239 1035 345 1080 aurum
366 1017 498 1080 *vertisse
524 1018 635 1080 iabulae
662 1017 805 1099 produnt,
837 1017 950 1081 sicilie
972 1016 1046 1080 citit
1072 1017 1207 1080 oratione
1235 1016 1371 1098 attigisse
1397 1016 1447 1078 rb·

182 1117 302 1193 deator,
324 1119 403 1200 quod
425 1137 483 1180 non
505 1117 610 1182 statim
632 1119 663 1182 iu
685 1118 867 1182 sententiam
889 1119 1078 1181 formaretur.
1107 1117 1189 1181 Hinc
1209 1117 1302 1182 etiam
1323 1117 1377 1182 iiia
1397 1117 1445 1182 io·

181 1235 285 1284 corum
304 1218 508 1282 communium
529 1221 566 1282 de
588 1221 720 1295 amnne,
742 1221 779 1282 de
800 1227 906 1293 morte,
928 1219 965 1280 de
988 1219 1079 1282 seculi
1095 1216 1173 1282 'luxu
1194 1218 1282 1300 copia
1304 1227 1336 1282 st
1355 1219 1446 1284 uber-
1567 1289 1569 1294 ,

182 1327 233 1382 tae
254 1319 481 1384 molestissima:
507 1319 577 1384 hinc
598 1321 724 1402 denique
750 1321 799 1384 iiie
821 1320 1055 1400 descriptionum
1078 1319 1342 1384 conmantiesirnus
1364 1325 1445 1384 mor'·

183 1421 255 1496 bus,
287 1420 335 1484 oui
363 1421 434 1484 duur
455 1420 609 1502 indulget,
648 1421 719 1504 quid
740 1441 838 1484 rerum
862 1420 1074 1486 convenientia
1105 1430 1158 1485 aot
1179 1420 1345 1502 argumenti
1365 1421 1446 1486 retis

181 1527 304 1602 pana,
324 1521 415 1604 plane
436 1521 564 1603 neglegit
586 1529 678 1605 atqua
698 1523 875 1586 mntemnit.

265 1622 303 1686 In
334 1622 440 1703 graecis
474 1631 575 1686 autem
608 1623 721 1687 fabulis
754 1621 978 1688 commutandis
1007 1623 1086 1705 qnod
1107 1621 1282 1686 institutam
1304 1621 1444 1705 qnodque

186 1722 344 1787 consilium
366 1731 487 1788 secutus
509 1724 564 1800 sit,
582 1725 646 1806 jam
669 1725 808 1788 omnibus
828 1743 915 1806 spero
930 1743 1048 1805 parere:
1069 1743 1145 1807 ¹spretas
1161 1723 1328 1788 easdboet
1340 1734 1443 1788 mente

180 1823 225 1886 ita
250 1823 381 1906 nudique
402 1825 585 1907 amputabat
606 1834 638 1889 et
658 1825 905 1901 circumcidebat,
930 1844 990 1907 quo
1012 1825 1130 1890 facilius
1155 1824 1185 1888 in
1207 1843 1261 1887 eas
1284 1833 1439 1906 tamquam

180 1924 316 1988 foliorum
350 1925 394 1990 sic
422 1944 520 1989 rerum
547 1927 686 1990 ubertate
712 1927 844 1990 nudatas
865 1926 996 1988 inserere
1016 1945 1087 1990 suos
1108 1927 1239 1989 locorum
1261 1925 1442 2007 descriptio-

179 2043 309 2107 nomque
330 2027 416 2108 quasi
437 2027 582 2108 quosdam
602 2026 738 2092 surculos
759 2034 871 2110 posset.
912 2027 1002 2103 Tum,
1024 2027 1273 2110 quemadmodum
1288 2026 1442 2092 molamu-

178 2135 260 2190 tores
280 2126 430 2190 ilii-litem
453 2127 574 2210 quidem
596 2129 692 2210 ipsam
724 2128 802 2192 thesi
824 2128 982 2191 habebant
1003 2129 1218 2203 constitutam,
1246 2127 1360 2191 colores
1383 2147 1440 2192 aa·

178 2236 257 2302 tou,
277 2229 593 2309 quesanctorum
615 2249 701 2292 suom
722 2230 884 2294 sumebant
906 2229 1073 2306 arbitrium,
1094 2229 1139 2293 ita
1159 2229 1210 2292 ille
1233 2245 1334 2292 rerum
1355 2248 1440 2293 som*

179 2345 247 2394 mae
267 2348 287 2392 a
308 2326 423 2394 Graecis
455 2332 597 2412 petebat,
630 2349 774 2412 personas
807 2331 846 2393 ad
878 2349 935 2393 suu
956 2330 1082 2394 consilia
1106 2330 1297 2412 rationesque
1323 2338 1441 2394 tracta·

179 2429 248 2492 batr
273 2427 304 2492 in
327 2448 386 2512 qno
413 2431 479 2512 ipso
501 2451 592 2513 opere
618 2431 664 2495 ita
683 2440 733 2494 est
754 2441 909 2507 versatus,
930 2441 966 2495 ut
987 2451 1007 2494 a
1027 2430 1274 2495 scholasticorum
1296 2431 1441 2494 similito-

179 2528 248 2594 diue
279 2540 334 2594 ant
358 2551 433 2594 roro
455 2543 510 2594 out
532 2551 695 2614 numquam
716 2531 899 2596 discesserit.
941 2533 993 2596 Ita
1013 2533 1093 2596 enine
1113 2541 1233 2596 statuoz
1253 2532 1284 2595 in
1304 2531 1364 2596 boc
1385 2551 1439 2613 ge-

178 2649 249 2694 nere
281 2651 378 2714 usque
408 2631 533 2696 Seneca
565 2633 658 2696 allam
691 2653 756 2698 esse
789 2635 947 2708 virtutem,
981 2653 1047 2715 qoae
1072 2652 1132 2696 non
1160 2633 1243 2714 apud
1262 2632 1332 2695 ilios
1354 2649 1441 2715 oeque

177 2749 290 2812 mne
309 2733 495 2815 reperiatur,
529 2753 623 2816 neque
654 2735 760 2798 vitium
793 2753 897 2816 rursus
925 2734 1043 2801 illorum
1068 2753 1134 2797 esse
1158 2734 1260 2809 olium,
1292 2752 1354 2815 quo
1378 2752 1440 2796 non

177 2851 263 2913 prece
295 2834 431 2914 graviore
464 2834 650 2898 laboraverit
674 2837 801 2900 Seneca.
843 2836 924 2899 Nam
951 2835 1021 2917 quid
1049 2837 1171 2900 deceret
1199 2834 1330 2916 etquid
1361 2835 1440 2898 satis

177 2944 273 3008 esset,
293 2953 389 3016 ¹necque
412 2934 460 3000 hic
482 2955 578 3018 neque
599 2937 643 2998 ilii
664 2937 823 3000 videbant:
845 2937 962 3018 pariter
976 2946 1118 3002 naturam
1140 2935 1360 3018 veritatemque
1380 2935 1440 3000 du-

177 3053 243 3096 cem
268 3037 521 3118 aspernabantur,
553 3037 668 3118 pariter
698 3057 808 3102 cacum
836 3046 867 3100 et
893 3057 968 3119 pene
989 3036 1131 3101 furiosum
1154 3038 1298 3119 impetum
1320 3036 1439 3100 dicendi

175 3135 393 3218 sequebantur:
423 3148 627 3202 verumtamen
657 3147 689 3202 et
710 3139 791 3220 apud
814 3139 893 3202 bunc
915 3147 946 3202 et
966 3139 1047 3219 apud
1070 3139 1137 3201 iilos
1159 3157 1248 3220 quum
1271 3137 1437 3219 inpietate

177 3235 370 3318 exprimenda
392 3258 613 3321 nonnumquam
636 3240 794 3302 mollitiam
817 3240 969 3323 quandam
991 3251 1023 3302 et
1044 3239 1195 3315 dolorem,
1223 3245 1286 3301 tum
1307 3237 1338 3302 in
1362 3238 1438 3301 odiis

176 3336 380 3432 exprimqndis
400 3339 460 3402 rim
483 3341 543 3402 iere
564 3359 681 3422 semper
702 3349 734 3402 et
754 3341 894 3404 ardorem
915 3340 1056 3421 reperias.
1098 3338 1167 3410 Quo
1189 3339 1307 3422 quidem
1328 3357 1435 3420 genere

176 3457 355 3520 quamquam
378 3440 588 3503 controversiae
609 3439 668 3504 iliae
690 3441 864 3516 abundant,
886 3449 921 3503 ut
942 3461 1050 3520 magna
1072 3441 1274 3521 exemplorum
1290 3447 1436 3522 suppetet
1534 3469 1535 3474 ¹

177 3539 278 3620 copis,
312 3549 412 3604 tamen
434 3542 531 3622 prima
552 3529 654 3604 carum
676 3561 739 3605 una
760 3542 891 3605 omnium
913 3541 951 3604 ad
974 3540 1063 3617 banc,
1083 3559 1173 3624 quam
1195 3541 1256 3620 jam
1278 3560 1358 3623 saepe
1380 3561 1436 3623 ap·

175 3639 334 3720 pellamus,
355 3641 581 3706 similitudinem
603 3642 814 3706 illustrandam
838 3641 969 3706 maxime
992 3643 1110 3706 videtur
1124 3642 1246 3719 idonea3
1268 3641 1319 3704 ubi
1335 3641 1436 3706 odium

175 3740 341 3805 fraternum
364 3751 427 3804 tam
449 3745 604 3818 acerbum,
626 3751 689 3808 tam
711 3745 842 3824 flagrans
863 3744 1024 3821 inducitur,
1046 3753 1080 3808 ut
1095 3743 1169 3807 nihil
1183 3744 1316 3827 profecto
1331 3743 1436 3826 Thye-

173 3849 238 3904 steo
259 3842 319 3917 illi,
347 3845 425 3925 quod
448 3843 566 3908 Seneca
587 3845 751 3926 expressit,
773 3845 964 3910 concesserit.

257 3943 338 4007 Sunt
364 3944 425 4007 alia
449 3961 564 4028 quoquo
584 3945 615 4008 in
638 3947 755 4010 Seneca
777 3946 937 4020 nonnulla,
970 3965 1034 4028 qnae
1055 3943 1081 4008 si
1103 3942 1169 4027 quis
1192 3945 1291 4020 volet,
1322 3943 1436 4028 poterit

174 4060 213 4106 ex
241 4043 344 4108 eodem
367 4045 450 4108 fonte
472 4056 621 4128 repetere:
653 4067 777 4130 quorum
801 4047 865 4110 lraec
887 4045 1075 4128 potissimum
1097 4045 1156 4110 tria
1178 4045 1435 4123 commemorabo,

173 4143 260 4225 quia,
282 4155 317 4209 ut
338 4141 545 4230 mea'quidem
568 4145 668 4229 opinio
690 4149 766 4222 fert,
799 4149 838 4211 ab
860 4148 917 4211 hoc
942 4147 1008 4229 ipso
1030 4146 1148 4211 Seneca
1168 4148 1308 4230 profecta
1329 4146 1361 4209 in
1383 4164 1433 4210 rc·

173 4245 313 4310 cautioris
337 4247 438 4310 ertatb
460 4249 632 4328 tragoedias
653 4248 844 4312 influxerunt.
889 4245 1025 4322 Quorum
1054 4247 1128 4312 illud
1150 4256 1199 4312 est
1217 4267 1326 4322 unum,
1354 4247 1433 4329 quod

169 4343 233 4425 jam
256 4355 348 4412 aomo
368 4348 617 4430 significavimus,
639 4350 729 4432 quod,
751 4369 825 4433 quas
848 4368 992 4430 personas
1013 4349 1101 4430 ragiae
1123 4347 1280 4430 dignitatis
1301 4346 1433 4423 induxit,

170 4445 201 4508 in
223 4447 260 4510 iis
281 4448 497 4512 studiosissime
519 4450 599 4513 solet
620 4469 678 4514 oon
700 4459 763 4514 tam
782 4469 969 4514 communem
993 4450 1064 4514 vitae
1085 4450 1225 4514 homauae
1247 4467 1337 4531 quam
1358 4466 1432 4530 pro-

170 4547 267 4629 priam
299 4549 382 4630 regui
413 4550 509 4632 ipsius
537 4551 740 4619 condicionem
774 4569 938 4633 exponere;
976 4557 1010 4614 ut
1041 4551 1136 4614 muita
1168 4551 1206 4616 de
1239 4546 1350 4613 excelsi
1384 4549 1433 4612 ia·

170 4648 252 4730 stigii
272 4649 427 4732 periculis,
449 4653 544 4716 multa
566 4653 603 4716 de
625 4651 750 4716 divorsis
771 4651 938 4719 rationibus
960 4651 1120 4734 regnandi,
1142 4651 1237 4719 multa
1257 4651 1295 4713 de
1317 4669 1431 4728 eorum,

170 4749 221 4832 qui
251 4751 309 4814 sub
336 4751 456 4834 regibus
478 4753 600 4830 vivunt,
632 4755 700 4817 odio
725 4754 757 4818 in
786 4773 869 4836 reges
890 4752 1073 4836 perfidiaque
1100 4753 1254 4816 dicantur:
1286 4758 1323 4816 ot
1342 4749 1432 4833 plane
