3554 5406
603 481 643 540 Do
664 481 697 541 t.
719 483 818 544 Annei
838 482 949 543 Seneca
969 481 1140 558 l'ragoediis.
1482 479 1499 538 5

211 646 215 649 ”
245 653 328 718 undo
362 655 617 720 commodissime
639 656 731 720 deret
752 655 925 733 exordium,
946 676 1009 722 nou
1031 676 1072 720 ex
1092 655 1148 720 illo
1170 653 1276 738 priore
1298 673 1410 736 genere
1433 673 1502 718 esse

245 758 440 838 querendae,
462 757 517 820 sed
552 777 592 820 ex
614 757 674 822 hoo
696 758 882 839 posteriore,
904 766 1076 841 propterea
1097 758 1180 841 quod
1201 757 1234 820 in
1256 755 1313 819 illo
1335 755 1503 838 plurimam

244 857 309 921 vim
340 857 498 921 obtineret
530 859 718 941 compositio
741 859 981 941 argumenti-
1002 865 1185 941 argumenta
1213 865 1317 922 autem
1338 877 1359 919 a
1382 854 1502 920 Graecis

244 958 428 1042 plerumque
461 959 632 1041 sumpsisse
655 960 807 1026 Senecam
828 961 976 1024 videbam
998 997 1037 1008 -
1059 960 1120 1024 hoo
1141 958 1241 1040 magis
1263 957 1335 1040 ipsa
1356 958 1503 1023 tractati·

245 1079 304 1122 one
327 1079 429 1124 rerum
451 1059 614 1136 niteretur,
635 1060 667 1124 in
690 1081 755 1143 qua
776 1068 1019 1126 consentaneum
1042 1068 1127 1124 esset
1149 1059 1273 1124 facilius
1296 1059 1396 1122 multo
1412 1078 1503 1122 suam

245 1160 399 1241 quandam
423 1168 456 1224 et
486 1161 660 1243 propriam,
684 1162 712 1224 si
735 1181 827 1244 quam
850 1162 994 1238 haberet,
1015 1161 1133 1242 ingenii
1156 1161 1339 1225 facultatem
1362 1160 1503 1243 potuisse

245 1278 443 1340 expromere.
485 1262 590 1343 Hujos
618 1269 724 1326 autem
742 1263 878 1346 generis,
901 1264 983 1346 quod
1006 1281 1126 1326 morum
1150 1263 1379 1344 affectuumque
1405 1261 1504 1325 habet
1562 1249 1566 1258 ’

245 1361 502 1445 descriptionem,
530 1365 577 1426 hae
604 1364 741 1430 maxime
764 1364 913 1428 videntur
935 1384 1014 1440 esse,
1036 1364 1188 1438 Troades,
1210 1363 1357 1437 Phaedra,
1378 1363 1503 1426 Medea.

328 1463 526 1546 Quamquam
560 1465 725 1547 Euripidis
758 1465 881 1548 quidem
914 1466 1066 1540 Troades,
1087 1473 1123 1528 ut
1151 1464 1239 1547 prius
1262 1463 1382 1546 aliquid
1405 1466 1443 1527 de
1466 1483 1505 1528 ea

245 1563 387 1628 dicamus
410 1583 501 1646 quarn
524 1566 566 1628 ad
588 1565 716 1630 senece
739 1567 926 1642 accedimus,
941 1565 1117 1649 quonamin
1130 1584 1240 1646 genere
1253 1564 1298 1629 sit
1312 1565 1504 1647 reponenda,

244 1664 397 1730 nonnihil
417 1666 536 1748 poterit
561 1685 630 1729 esse
652 1668 884 1732 controuersiae.
927 1669 1010 1732 Nam
1034 1666 1146 1750 quibus
1169 1668 1262 1730 rebus
1285 1665 1343 1728 illa
1366 1666 1426 1732 duo
1449 1685 1504 1746 ge-

245 1777 322 1828 nera
344 1766 592 1848 distinguuntur,
615 1787 724 1832 earum
747 1768 865 1832 nullius
888 1768 979 1851 quasi
1001 1768 1126 1850 signum
1147 1766 1196 1830 ita
1217 1767 1298 1848 gerit
1310 1785 1504 1849 expressum,

244 1876 280 1930 nt
300 1867 342 1930 ad
364 1875 469 1932 utrum
493 1869 659 1932 referenda
676 1869 718 1933 sit
738 1869 847 1933 statim
871 1869 1046 1950 dijudicare
1065 1867 1180 1950 possis.
1214 1868 1309 1950 (injus
1336 1886 1504 1948 argumen-

245 1975 309 2030 tum
333 1975 383 2032 est
404 1969 562 2032 excidium
585 1970 696 2054 TroJae,
718 1988 862 2052 personae
892 1979 997 2034 autem
1019 1979 1091 2033 sunt
1113 1989 1167 2044 ere,
1189 1989 1259 2051 quae
1281 1969 1314 2032 in
1337 1969 1396 2032 hac
1418 1969 1504 2032 cala-

246 2069 357 2132 mitate
391 2076 568 2146 versantur,
601 2071 736 2146 leminea,
765 2071 953 2153 cognatione
977 2078 1035 2134 aut
1055 2071 1212 2134 affinitate
1233 2070 1357 2134 Priami
1381 2071 1505 2134 contiu-

246 2175 355 2251 geutes
388 2170 529 2234 domum:
563 2171 674 2236 harum
709 2171 846 2236 miseriis
877 2183 909 2236 et
940 2173 1016 2236 fletu
1049 2172 1166 2234 referta
1198 2179 1274 2234 sunt
1295 2171 1410 2234 omnia.
1453 2175 1505 2234 Ita

246 2271 312 2334 haec
344 2272 511 2352 tragoedia
542 2292 642 2354 neque
675 2273 708 2336 in
740 2275 870 2338 iortuuae
892 2273 1050 2337 varietate
1073 2282 1227 2348 versatur,
1250 2271 1503 2354 quandoquidem

247 2370 426 2435 calamitosi
446 2373 513 2454 jam
535 2374 576 2436 ab
598 2373 690 2437 initio
713 2375 827 2438 labulae
849 2374 1003 2450 homines,
1026 2373 1171 2456 quicquid
1194 2393 1244 2436 res
1259 2374 1412 2455 procedit,
1425 2373 1504 2436 nihil

249 2470 335 2536 aliud
348 2491 441 2554 quam
452 2473 483 2536 in
497 2475 658 2555 graviores
668 2475 891 2557 gravioresque
907 2475 1050 2540 incidunt
1060 2475 1270 2538 calamitates:
1282 2493 1380 2556 neque
1390 2484 1505 2540 natura

249 2573 344 2636 ullius
367 2581 399 2636 et
420 2593 522 2639 mores
545 2575 711 2656 insigniter
722 2575 952 2659 exprimuntur,
964 2597 1055 2659 qunrn
1066 2575 1182 2639 nullius
1198 2595 1298 2658 neque
1311 2575 1342 2638 in
1356 2577 1503 2656 periculis

247 2675 474 2758 propulsandis
507 2677 661 2740 fortitudo
693 2698 794 2760 neque
827 2677 860 2740 iu
893 2678 1018 2740 casibus
1047 2677 1241 2758 perferendis
1263 2684 1409 2741 cernatur
1431 2698 1506 2742 con-

248 2775 380 2839 stantia.
424 2775 529 2848 Quid?
572 2777 664 2849 Quod
697 2799 736 2840 ue
768 2779 834 2842 haec
867 2779 992 2860 quidem
1026 2778 1196 2842 observata
1224 2798 1291 2842 esse
1314 2779 1505 2844 videntnra

247 2885 352 2958 poeta,
385 2897 451 2960 quae
483 2877 544 2941 uisi
579 2879 630 2960 qui
665 2878 904 2960 religiosissime
928 2879 1117 2954 observarit,
1140 2880 1180 2941 ad
1203 2899 1355 2942 summam
1378 2881 1503 2946 landem

248 2977 391 3058 aspirare
424 2998 486 3042 uon
518 2979 642 3060 possit?
686 2979 777 3053 Quod
812 3001 910 3063 neque
944 3000 994 3043 res
1017 2987 1066 3042 est
1088 3000 1150 3044 una
1171 3001 1238 3062 quae
1261 2980 1380 3062 geritur
1403 3003 1504 3066 neque

248 3097 327 3142 unus
360 3086 419 3154 est,
440 3081 480 3144 ad
503 3100 593 3162 quem
618 3082 726 3145 omnia
749 3083 939 3158 referantur,
967 3083 1053 3164 cujus
1076 3081 1172 3144 saluti
1195 3084 1372 3157 faveamus,
1395 3085 1503 3148 dolea-

247 3199 317 3243 mus
337 3180 486 3244 interitu?
529 3180 633 3253 Quid?
669 3183 761 3255 Quod
788 3189 819 3246 et
841 3202 993 3264 personas
1016 3183 1141 3247 induxit
1164 3184 1278 3246 multas
1301 3201 1418 3266 easque
1441 3205 1504 3250 nou

247 3281 449 3344 contentione
472 3281 581 3366 aliqua
606 3283 689 3346 inter
709 3305 743 3348 se
767 3283 956 3347 dissidentes
980 3285 1097 3347 autad
1121 3283 1164 3358 id,
1187 3285 1270 3364 quod
1293 3285 1431 3348 omniurn
1454 3286 1505 3351 in-

247 3390 391 3458 teresset,
413 3403 470 3465 pro
503 3384 566 3447 suis
600 3405 756 3467 quamque
790 3385 929 3448 nitentes
961 3384 1093 3458 viribus,
1117 3384 1171 3446 sed
1196 3393 1227 3446 et
1249 3385 1449 3466 cognationis
1472 3398 1505 3452 et

249 3483 445 3546 miseriarum
468 3484 621 3548 societate
645 3487 830 3566 conjunctas
854 3496 895 3560 et,
917 3507 955 3549 ne
978 3486 1053 3568 qnid
1076 3492 1208 3567 agerent
1230 3484 1368 3562 omnino,
1390 3488 1422 3550 vi
1445 3489 1505 3552 ho-

248 3584 344 3647 stium
366 3584 460 3666 plane
483 3605 649 3668 oppresses
672 3596 768 3670 atque
790 3587 979 3650 constrictas
1002 3595 1034 3652 et
1055 3605 1105 3650 res
1121 3585 1452 3671 plurimasuariasque
1471 3589 1504 3653 in

246 3705 339 3750 uuum
361 3686 584 3769 conjecitquoe
608 3688 762 3768 ejusmodi
785 3695 945 3765 essentut
967 3707 1029 3752 una
1052 3687 1163 3770 quavis
1187 3706 1292 3752 earum
1309 3689 1437 3753 sublata
1452 3711 1504 3756 ce-

247 3796 322 3850 terae
344 3786 544 3852 nihilominus
567 3788 797 3871 contingerent3
821 3809 913 3872 qunm
936 3789 984 3852 ita
1006 3789 1208 3852 constitutam
1232 3789 1332 3852 velint
1354 3791 1505 3868 fabulam,

248 3895 284 3952 ut
315 3888 356 3951 ad
389 3907 485 3952 unum
514 3889 621 3952 omnia
653 3898 806 3970 spectent,
840 3891 879 3952 ad
903 3909 999 3954 unum
1022 3889 1130 3954 omnia
1152 3889 1270 3953 exitum
1294 3891 1506 3972 perducantur

249 4007 359 4070 rosque
393 4007 500 4052 omnes
528 3989 577 4052 ita
598 3991 664 4054 alia
687 4011 726 4054 ex
749 3990 814 4054 alia
835 4000 916 4072 aptae
937 4010 1088 4073 nexaque
1111 3991 1186 4065 sint,
1210 3999 1254 4065 ut,
1277 3991 1379 4072 qualis
1402 4003 1451 4057 est
1472 3996 1505 4058 in

249 4089 300 4164 iis,
333 4109 400 4171 quae
423 4109 527 4154 rerum
556 4099 671 4154 natura
694 4093 882 4173 procreavit,
904 4093 980 4156 talis
1003 4092 1034 4154 in
1059 4092 1119 4165 his,
1143 4111 1212 4173 quae
1234 4091 1391 4156 hominurn
1414 4094 1505 4178 inge-

249 4190 312 4254 niis
334 4192 512 4272 pariantur,
534 4193 626 4254 firma
649 4194 790 4274 quaedam
812 4213 849 4256 ac
869 4203 1022 4278 perpetua
1044 4192 1143 4254 series
1166 4211 1268 4254 rerum
1293 4193 1451 4259 exsistat?

334 4292 398 4355 Sed
430 4291 576 4356 nimirum
610 4313 670 4356 non
702 4313 809 4358 aarum
841 4297 933 4358 modo
963 4313 1066 4358 rerum
1088 4292 1169 4355 ratio
1193 4302 1243 4355 est
1265 4293 1416 4371 ducenda,
1439 4317 1506 4380 quae

250 4411 308 4473 per
329 4391 406 4456 illud
428 4394 577 4475 temporis
599 4395 746 4476 spatium,
768 4397 850 4477 quod
872 4396 972 4478 ipsius
994 4392 1165 4475 tragoediae
1180 4394 1295 4456 finibus
1309 4397 1505 4474 terminatur,

252 4499 348 4574 gestae
370 4513 439 4557 esse
461 4495 632 4576 fingentum
654 4496 709 4558 sed
732 4497 772 4560 ad
796 4516 834 4560 ea
862 4517 995 4580 quoque,
1018 4513 1173 4580 quarem
1195 4502 1316 4576 gestam
1339 4498 1389 4561 vel
1412 4507 1505 4562 ante-

251 4594 385 4658 cessisse
407 4595 458 4658 vel
471 4595 569 4678 ,sequi
592 4595 780 4672 indicantur,
802 4599 1009 4662 conferendus
1031 4606 1081 4660 est
1102 4594 1233 4659 animus.
1268 4595 1360 4668 Quod
1377 4599 1406 4662 si
1419 4601 1504 4664 leca-

253 4691 362 4772 rimus,
383 4695 489 4760 omnia
509 4696 576 4774 illa,
597 4716 665 4780 quar
686 4698 800 4762 leviter
822 4698 1013 4782 aspicientes
1036 4696 1210 4770 offendunt,
1225 4698 1376 4780 perfacile
1388 4700 1504 4765 tollen·
