3508 5404
756 517 786 578 0.
809 521 841 578 Ε.
864 521 1036 581 Sandntrbm.

511 687 632 746 Mortem
653 689 810 749 misericors
830 711 902 765 saepo
924 713 976 767 pro
997 695 1059 754 vite
1079 697 1169 754 dabit.

1042 783 1127 842 ,Tu-o.
1153 785 1225 844 338.

353 895 492 959 Sciebam
525 899 595 962 olim
628 898 685 962 sub
718 899 769 962 illo
791 897 904 987 (Gaio)
926 903 957 967 in
979 923 1047 968 oum
1069 913 1184 970 statum
1207 928 1256 972 res
1279 907 1424 974 humanas
1445 911 1529 976 dccl·

266 995 355 1071 disse,
378 1007 412 1060 ut
432 997 513 1062 inter
535 1019 628 1082 opera
650 999 860 1066 misericordia
881 1003 1067 1070 haberentur
1087 1007 1187 1072 occisi.
1231 1010 1272 1076 N.
1294 1009 1333 1083 Q„
1355 1011 1413 1088 IV,
1438 1011 1527 1089 1,17.

347 1097 472 1161 Interim
504 1102 649 1182 optimum
683 1101 894 1168 misericordia
915 1125 1009 1186 genus
1032 1116 1079 1170 est
1099 1108 1242 1174 occidere.
1285 1113 1323 1175 D.
1345 1113 1403 1188 111,
1427 1112 1476 1190 16,
1496 1116 1529 1188 3,

846 1243 948 1254 ..ι-.-

505 1332 580 1392 Vitae
602 1340 644 1394 ost
666 1339 764 1394 avidus
786 1339 911 1412 quisquis
932 1360 991 1399 non
1013 1343 1074 1403 vult

505 1422 609 1480 Mundo
632 1432 724 1482 cocum
745 1431 879 1497 pereunte
900 1429 980 1486 mori.

1060 1519 1132 1592 Thy.
1157 1519 1295 1576 aso—7.

351 1628 476 1692 Grande
498 1631 642 1696 solatium
664 1644 713 1699 est
735 1656 801 1699 oum
824 1635 962 1700 universo
985 1639 1059 1722 napi.
1103 1641 1141 1704 D.
1164 1641 1188 1706 1.
1211 1643 1241 1718 5,
1261 1641 1291 1707 8.

847 1772 949 1786 m

505 1867 680 1947 Contempsit
702 1891 796 1934 omncs
816 1875 866 1934 illa
888 1877 937 1948 qui
958 1881 1078 1936 mortam
1099 1879 1185 1952 prins.

1060 1965 1095 2022 Η.
1119 1968 1176 2023 (Et.
1200 1967 1273 2025 446.

348 2075 492 2159 Quisquis
516 2079 610 2144 vitam
631 2103 716 2147 sunm
739 2082 931 2167 contempsit,
954 2091 1012 2148 tuae
1035 2085 1172 2152 dominus
1194 2097 1249 2152 est.
1292 2091 1349 2172 Ep.
1372 2092 1404 2166 4,
1424 2091 1455 2157 8.

851 2221 953 2232 —..-

615 2319 736 2376 Nescitis
758 2319 853 2390 cupidi
875 2319 981 2376 arcium

618 2408 747 2480 Regnum
769 2424 825 2478 quo
845 2407 941 2478 jaceat
963 2408 1033 2464 loco.
1060 2437 1093 2449 -

616 2495 676 2551 Rex
699 2498 741 2552 est
763 2493 812 2564 qni
833 2493 927 2564 posuit
949 2498 1040 2550 motus

615 2583 652 2637 nt
674 2583 728 2638 diri
749 2582 826 2636 mala
847 2581 982 2651 pectoris,

616 2670 703 2736 Quom
724 2685 782 2724 non
804 2667 922 2723 ambitio
943 2669 1083 2738 impotens

615 2755 654 2812 Et
676 2773 830 2826 numquam
852 2755 961 2810 stabilis
983 2755 1064 2811 favor

615 2845 703 2915 Vulgi
724 2841 876 2914 pracipitis
899 2845 1002 2900 movet.
1028 2871 1063 2882 -

613 2931 700 2998 Quam
720 2947 778 2986 non
800 2929 900 2986 lancea
920 2929 1028 2996 militis,

614 3019 680 3074 Non
701 3018 815 3074 siricius
837 3016 945 3072 domuit
968 3017 1099 3088 chalybs,

615 3105 667 3173 Qui
687 3107 752 3161 tuto
773 3104 880 3174 positus
903 3103 964 3159 loco

612 3192 690 3249 Infra
711 3209 739 3247 sc
762 3191 838 3246 videt
861 3191 957 3246 omnia

614 3279 797 3350 Occurritque
819 3296 868 3334 suo
890 3277 979 3334 libens

610 3368 681 3423 Fato
703 3383 755 3422 noc
776 3365 902 3436 queritur
923 3363 1003 3420 mori.
1031 3393 1066 3403 -

610 3455 670 3511 Rex
692 3456 734 3509 est
756 3454 805 3525 qui
825 3455 933 3508 metuet
955 3452 1028 3508 nihil

613 3543 673 3598 Rex
694 3545 737 3597 cst
759 3541 809 3610 qui
831 3539 926 3610 cupiat
948 3538 1030 3596 nihil.

611 3631 689 3686 Mons
710 3643 828 3699 regnum
849 3627 924 3682 bona
945 3626 1082 3697 possidet,

612 3717 673 3773 Hoc
694 3732 811 3786 regnum
832 3713 886 3770 eibi
909 3715 1025 3784 quisque
1047 3712 1106 3768 dnn.

719 3801 771 3858 Th.
795 3801 959 3864 343-44,
985 3799 1148 3866 348-52,
1174 3799 1333 3868 aot-68,
1355 3801 1515 3860 ast—90.

258 3926 337 3999 Quis
358 3925 400 3991 sit
420 3924 530 3991 summi
551 3925 622 3989 boni
644 3925 727 3990 locus
749 3921 877 4005 quaeris?
919 3919 1062 3985 Animus.
1105 3921 1163 4004 Ep.
1185 3915 1236 3997 87,
1257 3923 1308 3986 21.

258 4029 346 4094 Prior
374 4027 423 4090 ille
445 4027 565 4108 sapiens
587 4036 650 4104 est,
678 4043 764 4110 quem
788 4043 846 4086 non
870 4022 934 4086 tela
955 4021 1123 4097 vibrantia,
1152 4042 1211 4086 non
1235 4023 1367 4088 arietata
1387 4023 1466 4088 inter
1485 4045 1519 4088 so

257 4150 342 4194 nrma
363 4128 491 4210 agminis
513 4128 615 4204 densi,
637 4145 695 4192 non
719 4127 801 4190 urbis
823 4123 960 4204 impulsae
982 4124 1082 4206 fragor
1102 4124 1233 4188 territat.
1270 4125 1327 4206 Ep.
1349 4124 1404 4198 66,
1429 4127 1476 4190 13.

258 4232 292 4296 Si
314 4229 405 4294 rectis
428 4229 522 4293 oculis
545 4229 660 4310 gladios
683 4229 829 4292 micantes
850 4225 934 4287 videt
955 4259 996 4272 -
1018 4225 1137 4288 beatum
1160 4242 1246 4289 voca.
1287 4227 1345 4308 Ep.
1368 4220 1420 4302 76,
1442 4229 1493 4292 33.

256 4333 328 4398 Non
350 4351 425 4394 voco
447 4331 616 4412 sapientem
638 4351 729 4412 supra
751 4347 840 4413 quem
862 4325 1020 4408 quicquam
1042 4335 1100 4392 est.
1122 4327 1161 4390 D.
1183 4325 1260 4402 v11,
1284 4327 1333 4404 11,
1357 4328 1384 4391 l.

257 4435 326 4498 Non
349 4433 545 4498 cunctabitur
565 4431 687 4514 sapiens
707 4431 751 4494 iro
774 4430 814 4492 ad
836 4436 963 4489 mortem
986 4436 1067 4491 carto
1090 4428 1196 4510 gradu.
1229 4428 1268 4491 D.
1289 4429 1340 4504 X,
1364 4428 1412 4505 11,
1433 4430 1463 4493 2.

256 4535 327 4599 Tibi
349 4535 401 4597 des
423 4541 542 4616 oportet
562 4533 645 4598 istud
666 4533 777 4596 boumn
800 4527 1020 4616 (libertatem),
1041 4549 1061 4593 a
1081 4538 1111 4593 tc
1134 4539 1230 4611 potas.
1263 4529 1321 4612 Ep.
1343 4529 1404 4606 86,
1424 4529 1454 4593 5.

835 4669 936 4680 uun-—
