3554 5406
829 283 842 320 l

813 495 843 554 0.
866 495 898 554 E.
921 493 1092 558 Scndstrtm.

914 670 980 742 lpse
1000 669 1121 743 dejectos
1141 672 1216 743 gerit

563 756 665 814 Vultus
687 756 801 827 pudore,
824 757 872 812 sed
892 761 989 814 tamen
1010 759 1120 830 fulgent
1141 777 1219 830 genae

562 843 707 916 Magisque
729 843 812 900 solito
833 844 961 914 splendet
983 851 1121 901 extremus
1142 846 1233 905 decor.

562 929 601 986 Ut
621 948 678 986 esse
699 931 804 986 Phoebi
826 931 933 988 dulcius
954 933 1049 988 lumen
1070 933 1140 989 solet

560 1017 682 1090 Jamjam
703 1019 828 1074 cadentis
849 1021 926 1075 astra
948 1037 1010 1076 cum
1031 1022 1164 1091 repetunt
1184 1020 1259 1076 vices

561 1105 756 1175 Premiturque
777 1104 876 1160 dubius
897 1108 980 1162 nocte
1002 1107 1095 1162 vicina
1110 1107 1177 1162 dies.

561 1191 662 1261 Stupet
684 1209 764 1248 omne
786 1192 895 1263 vulgus
919 1197 951 1250 ut
973 1193 1029 1250 fere
1050 1195 1145 1250 cuncti
1167 1195 1257 1266 magle

561 1279 691 1335 PerItura
712 1278 840 1334 laudant.

1110 1385 1137 1422 v.
1164 1368 1342 1424 1147-54.

320 1488 442 1551 Tritum
467 1486 528 1549 hoc
549 1485 649 1550 nostri
673 1485 778 1551 sae'culi
800 1485 903 1568 poetis
926 1485 1045 1549 simile:
1068 1485 1189 1550 Seneca
1210 1489 1292 1552 unde
1315 1492 1493 1573 sumpserit,
1505 1498 1571 1556 tem

323 1589 499 1654 mehercule
533 1587 641 1662 miror,
667 1607 757 1668 quam
781 1587 833 1670 qui
865 1589 932 1668 ipse
964 1587 1106 1650 invenire
1131 1592 1278 1669 potuerit.
1321 1591 1427 1674 Atque
1450 1593 1570 1657 utinam

321 1689 395 1754 huic
417 1690 461 1752 rei
483 1696 588 1752 cetera
610 1687 727 1752 similia
750 1689 879 1752 fecisset
900 1707 1000 1770 neque
1023 1687 1075 1752 hic
1097 1688 1178 1752 idem
1191 1699 1363 1771 peccasset,
1379 1695 1463 1776 quod
1480 1695 1571 1759 modo

321 1791 353 1854 in
377 1789 469 1871 pueri
493 1797 594 1852 morte
616 1790 822 1854 describenda
843 1789 1000 1872 peccavit!
1042 1791 1103 1853 Est
1124 1790 1205 1852 enim
1227 1793 1289 1857 ita:

556 1889 656 1946 Auden
678 1889 776 1964 virago
796 1907 854 1946 non
874 1890 943 1947 tulit
962 1892 1038 1946 retro
1060 1889 1188 1962 gradum,

559 1977 697 2033 Conversa
719 1979 755 2032 ed
775 1979 864 2034 ictum
885 1980 943 2034 stet
964 1977 1038 2033 truci
1061 1976 1142 2033 vultu
1164 1977 1240 2034 ferox

559 2064 725 2134 Novumque
746 2067 901 2120 monstrum
922 2065 964 2120 est
986 2064 1109 2135 Pyrrhus
1131 2064 1167 2118 ad
1189 2066 1291 2122 cedem
1312 2067 1402 2140 piger.

559 2151 597 2208 Ut
618 2152 717 2208 dextre
739 2152 842 2208 ferrum
863 2151 975 2221 penitus
997 2155 1097 2207 excola
1119 2151 1242 2208 abdidit:

560 2237 673 2294 Subitus
693 2243 808 2310 receptu
829 2241 919 2294 morte
941 2239 1070 2308 prorupit
1091 2255 1172 2293 cruor

559 2325 612 2382 Per
633 2326 733 2381 vulnus
753 2326 861 2398 ingens.
906 2324 966 2380 Nec
986 2329 1083 2382 tamen
1105 2325 1224 2380 moriens
1247 2326 1338 2382 edhuc

557 2413 679 2483 Deponit
701 2413 820 2468 animos:
844 2411 945 2468 cecidit
966 2415 999 2468 ut
1019 2412 1125 2469 Achilli
1147 2429 1261 2483 gravem

557 2499 679 2556 Fectura
699 2503 805 2556 terrem
826 2515 916 2570 prono
938 2503 967 2556 et
989 2501 1063 2558 irato
1084 2499 1202 2570 impetu.

1107 2605 1133 2642 v.
1161 2586 1339 2642 1161-69.

319 2688 423 2762 Quam
445 2689 498 2752 hic
520 2689 642 2752 animus
664 2709 726 2752 non
751 2690 841 2752 decet
862 2689 1031 2772 virginem!
1075 2691 1118 2752 Et
1141 2698 1294 2772 qnantum
1317 2690 1384 2752 haec
1404 2689 1570 2771 Polyxene

318 2792 423 2855 differt
445 2791 485 2854 ab
509 2791 575 2867 illa,
598 2790 883 2872 manuninum
907 2791 1065 2872 expressit
1087 2790 1181 2874 (Hec.
1203 2789 1374 2874 etr-52),
1396 2810 1486 2872 quam
1500 2811 1569 2854 eum

317 2899 350 2956 et
371 2891 500 2956 imitans
523 2899 556 2954 et
577 2911 705 2974 aequans
729 2891 880 2955 Ovidius!
925 2892 1029 2976 (Met,
1041 2892 1135 2967 XIII,
1157 2891 1325 2977 449-80).

400 2993 557 3058 Animosa
589 2995 629 3055 ab
663 2993 712 3056 his
746 3011 872 3074 quoque
906 2993 994 3074 virgo
1018 3000 1050 3054 et
1073 2993 1165 3057 fortis
1188 2994 1359 3067 inducitur,
1381 3015 1443 3056 non
1467 2995 1569 3067 ferox,

198 3099 202 3108 ’
317 3115 378 3159 non
412 3095 506 3169 irata,
539 3114 599 3158 nou
634 3094 706 3158 odic
729 3093 873 3168 incensa;
896 3113 958 3156 non
982 3095 1160 3158 contumaci
1184 3102 1286 3158 mente
1309 3092 1401 3158 vadit
1422 3097 1462 3158 ad
1486 3113 1571 3158 mor-

316 3205 389 3271 tem,
421 3197 477 3259 sed
510 3196 578 3258 alta
599 3203 694 3278 atque
717 3195 904 3276 tranquilla,
926 3195 1041 3277 quippe
1064 3216 1131 3276 quae
1153 3203 1186 3258 et
1208 3197 1415 3259 neceesarium
1439 3204 1569 3259 mortem

318 3305 352 3360 et
382 3297 575 3360 illaetabilem
609 3297 707 3360 vitam
731 3295 852 3359 videat:
876 3297 997 3358 Priami
1020 3316 1053 3358 se
1076 3297 1173 3360 filiam
1198 3317 1266 3360 esse
1282 3316 1451 3380 numquam
1468 3297 1569 3361 oblite

314 3399 446 3481 juvenes
470 3400 511 3461 ad
533 3419 620 3462 arem
643 3417 712 3460 sese
746 3404 912 3472 tracturos,
935 3405 969 3460 ut
995 3397 1161 3460 discedunt
1182 3418 1261 3460 neve
1284 3417 1393 3461 manus
1415 3417 1471 3462 suo
1498 3417 1569 3462 cor-

315 3500 386 3582 pori
409 3499 565 3580 injiciant,
588 3509 669 3574 orat,
691 3507 727 3562 ut
749 3499 850 3562 libera
872 3506 969 3581 atque
997 3498 1103 3561 solute
1125 3500 1297 3562 descendat
1318 3501 1358 3562 ad
1380 3500 1568 3581 consangui-

318 3621 394 3664 neus
418 3602 544 3664 umbras
567 3620 707 3664 suorum:
730 3609 797 3663 tum
823 3600 1000 3663 discindens
1024 3600 1169 3664 amictum
1184 3600 1406 3684 denudansque
1422 3601 1568 3682 pulcher-

313 3702 426 3765 rimum
460 3711 570 3783 pectus
603 3701 703 3764 invito
727 3701 905 3782 dolentique
928 3701 1098 3775 secerdoti,
1119 3701 1187 3764 sive
1210 3703 1364 3765 cervicem
1386 3702 1440 3766 ille
1463 3702 1567 3778 ferire,

246 3794 248 3798 ’
313 3803 381 3868 sive
398 3803 544 3885 jugulum
565 3802 713 3878 voluerit,
734 3810 766 3864 et
787 3802 938 3866 cervicem
961 3810 993 3865 et
1010 3801 1151 3883 jugulum
1166 3801 1326 3885 intrepide
1339 3803 1472 3885 praebet3
1495 3822 1569 3884 per-

314 3923 407 3968 cussa
428 3923 503 3968 vero
526 3904 613 3967 cadit
634 3903 689 3978 ita,
711 3922 773 3966 non
786 3911 946 3985 tamquam
963 3903 1088 3967 inimico
1104 3903 1147 3966 sit
1157 3923 1285 3984 gravem
1299 3913 1417 3968 terram
1433 3904 1567 3981 lactura,

311 4005 367 4068 sed
400 4013 435 4069 ut
467 4005 498 4068 in
530 4005 601 4087 ipso
624 4003 779 4067 moriendi
801 4023 875 4068 casu
903 4004 1092 4085 virginalem
1114 4003 1259 4067 decorem
1282 4006 1566 4088 verecundiamque

313 4108 469 4172 observet.
511 4107 588 4170 Haec
620 4125 712 4188 quum
747 4105 875 4186 legimus
897 4105 948 4167 vel
970 4104 1077 4186 potius
1100 4105 1202 4169 dicam
1224 4107 1380 4171 intuemur
1402 4141 1442 4154 -
1464 4107 1511 4170 ite
1532 4126 1567 4170 e·

313 4208 378 4272 nim
401 4216 531 4272 narrata
552 4215 636 4282 sunt,
658 4216 693 4270 ut
714 4226 775 4270 non
798 4206 909 4269 audire
931 4215 1031 4287 gesta,
1047 4206 1102 4268 sed
1116 4207 1339 4288 pictacernere
1352 4207 1567 4272 videamur—

313 4329 405 4392 quum
426 4309 504 4372 illud
526 4328 650 4391 quoque
674 4315 845 4372 extremum
871 4307 1029 4388 adjicitur,
1052 4315 1236 4389 perpetrato
1259 4309 1423 4384 sacrificio,
1444 4328 1565 4373 summo

313 4431 382 4474 oum
403 4411 507 4474 studio
531 4408 657 4474 Graecos
679 4409 800 4492 pariter
822 4409 1035 4489 Trojanosque
1058 4409 1203 4472 certatim
1227 4409 1259 4472 in
1281 4417 1436 4474 mortuum
1451 4429 1566 4493 corpus

312 4514 406 4576 flores
426 4511 553 4576 frondes
576 4519 744 4593 ceteraque
767 4517 953 4574 ornamenta
975 4527 1151 4591 congerere,
1173 4510 1220 4574 ita
1235 4511 1326 4574 credo
1342 4511 1461 4575 moseri
1476 4511 1567 4595 quis·

314 4615 399 4696 piam
432 4620 549 4695 potest,
579 4620 616 4676 ut
635 4613 731 4675 vellet
754 4611 876 4692 etipse
898 4611 930 4674 in
953 4610 1015 4674 ista
1037 4612 1248 4692 spectantium
1269 4613 1363 4676 turba
1385 4613 1507 4688 suimet,
1529 4619 1567 4676 ut

314 4713 383 4778 suis
416 4733 537 4797 quoque
570 4713 749 4778 muneribus
782 4711 931 4776 amabilis
963 4711 1049 4776 illius
1082 4719 1115 4776 et
1146 4713 1296 4778 animose
1317 4713 1450 4796 virginis
1472 4714 1566 4778 funus
