3508 5404
549 515 590 572 De
612 514 642 572 t.
666 517 765 574 Annaei
786 515 896 576 Seneca
917 517 1088 590 tragoediis.

435 688 561 744 Juvenoa
581 688 654 746 ferro
676 692 763 746 semet
783 688 915 760 imposito
936 687 1030 746 induit

434 775 471 832 Et
493 775 609 832 vulnere
628 794 684 832 uno
706 777 816 844 cecidit,
840 779 871 833 at
892 779 989 832 taurus
1010 776 1079 832 duos

433 861 580 933 Perpessus
601 861 674 919 ictus
695 864 751 920 huc
773 867 802 920 et
823 864 878 919 huc
900 863 1000 919 dubius
1021 862 1079 918 ruit

433 949 619 1020 Animamque
642 951 727 1006 tessus
749 951 796 1007 vix
818 951 1005 1007 reluctantem
1027 950 1169 1020 exprimit.

987 1056 1014 1093 v.
1040 1037 1099 1092 345
1109 1037 1199 1092 -48.

274 1172 422 1238 Victimis
445 1175 544 1252 cassis,
567 1175 691 1239 viscera
713 1193 819 1240 earum
842 1177 972 1240 Theano
995 1183 1163 1250 scrutatur,
1185 1174 1217 1238 in
1242 1173 1355 1258 quibus
1370 1173 1453 1238 mul-

190 1281 226 1338 ta
248 1275 325 1339 mire
347 1277 587 1360 prodigioseque
609 1284 733 1341 mutata
754 1277 971 1359 deprehendit.
1005 1277 1152 1358 Triginta
1173 1296 1236 1338 uon
1259 1276 1360 1339 minus
1380 1296 1453 1339 ver-

190 1396 243 1440 sus
265 1376 331 1440 haee
353 1377 571 1442 intestinorum
595 1379 797 1442 victimarum
820 1367 958 1460 complet
980 1379 1166 1460 descriptio:
1197 1397 1265 1459 quae
1288 1397 1325 1440 eo
1348 1378 1453 1441 consi-

190 1476 233 1541 lio
257 1477 394 1554 inducta,
407 1488 441 1542 ut
464 1479 574 1562 OEdipi
597 1500 664 1543 cum
688 1487 788 1544 matre
810 1480 1007 1562 significetur
1029 1480 1192 1556 incestum,
1215 1484 1339 1540 tantam
1355 1479 1453 1542 habet

190 1579 388 1654 foeditatem,
421 1589 572 1662 quantam
603 1601 640 1643 ne
674 1583 757 1664 apud
790 1581 943 1646 Senecam
977 1581 1101 1664 quidem
1123 1579 1187 1643 alio
1211 1579 1279 1642 loco
1303 1579 1451 1661 reperias.

190 1680 397 1762 Quapropter
418 1688 519 1744 totum
543 1681 625 1745 hunc
647 1682 749 1746 locum
775 1675 951 1764 legentibus
974 1681 1132 1746 remittam
1156 1681 1269 1756 libens,
1291 1689 1327 1744 ut
1347 1701 1452 1763 spero,

189 1781 372 1845 libentibus.
1336 1833 1342 1844 .

274 1882 338 1948 Sed
373 1882 519 1968 quoniam
542 1883 592 1946 his
616 1884 739 1966 quidem
762 1883 872 1960 sacris,
894 1884 928 1946 id
951 1885 1034 1966 quod
1057 1883 1192 1947 maxime
1214 1884 1285 1946 vult
1306 1883 1453 1966 OEdipus,

190 2003 305 2050 nomen
336 1985 548 2050 interfectoris
582 1985 653 2050 elici
686 2006 747 2050 nou
770 1993 886 2068 potest,
907 1986 972 2066 jam
996 1986 1110 2049 Laium
1132 1985 1234 2068 ipsum
1258 2005 1389 2050 evocare
1412 2005 1453 2049 ex

188 2086 301 2150 inferis
324 2087 529 2150 constituunt.
573 2089 625 2150 Ita
648 2086 774 2170 longum
798 2085 858 2149 hoc
880 2087 1127 2169 descriptionum
1151 2106 1264 2168 agmen
1288 2089 1372 2170 cogit
1385 2089 1453 2154 haeo

189 2189 230 2252 ad
253 2197 426 2252 extremum
449 2187 577 2252 Creonti
601 2189 723 2252 tributa
746 2189 896 2251 narratio.
941 2187 989 2252 De
1013 2208 1076 2271 qua
1100 2189 1197 2252 multa
1218 2208 1280 2251 non
1304 2209 1381 2272 opus
1404 2200 1453 2255 cst

189 2289 312 2364 dicere;
345 2298 393 2352 est
426 2291 508 2352 enim
541 2289 636 2372 plane
666 2310 706 2354 ex
729 2296 877 2353 consueto
902 2289 955 2352 illo
979 2289 1140 2353 Senecano
1164 2309 1286 2372 genere.
1329 2293 1366 2354 ln
1389 2312 1452 2375 qua

187 2390 321 2474 primum
356 2390 442 2455 lucus
476 2391 605 2473 quidam
632 2398 776 2455 vetustus
801 2399 833 2454 et
854 2390 1017 2453 horribilis
1041 2391 1239 2467 describitur,
1262 2390 1375 2455 deinde
1397 2413 1452 2456 sa-

189 2511 274 2556 crum
307 2491 338 2554 in
372 2511 409 2554 eo
432 2492 500 2556 luco
524 2492 707 2556 disinteria
731 2493 863 2555 factum:
892 2493 1036 2574 sequitur
1058 2493 1163 2555 brevis
1187 2512 1290 2555 rerum
1312 2493 1452 2558 inferna-

187 2613 256 2656 rum
290 2593 414 2676 pictura
449 2601 481 2656 et
512 2594 733 2656 Thebauarum
757 2594 952 2675 quarundam
974 2594 1154 2657 umbrarum
1178 2595 1451 2660 commemoratio:

188 2696 229 2758 ad
252 2701 425 2761 extremum
447 2694 546 2758 Laius
570 2702 719 2758 evocatus
748 2695 806 2757 lilii
830 2713 943 2758 nomen
966 2695 1032 2756 edit
1054 2714 1185 2776 seseque
1207 2714 1328 2777 poenas
1351 2697 1390 2758 ab
1414 2716 1450 2759 eo

187 2803 384 2878 sumpturum
408 2795 557 2859 minatur.
600 2797 708 2879 Atque
737 2797 819 2859 hunc
842 2795 966 2876 quidem
990 2796 1090 2858 locum
1113 2797 1150 2858 de
1172 2795 1254 2858 Laio
1278 2796 1317 2859 ab
1340 2795 1451 2860 inferis

187 2898 328 2962 excitato
363 2917 403 2960 ex
434 2896 600 2978 Euripidis
635 2899 752 2979 OEdipo
786 2904 955 2978 sumptum,
978 2906 1127 2979 quantum
1151 2897 1189 2958 de
1212 2897 1343 2960 minutis
1365 2899 1451 2962 illius

189 2998 305 3063 sabula
328 2998 473 3082 reliquiis
492 2999 629 3080 judicari
652 3007 768 3082 potest,
786 2999 910 3079 judicat
930 2999 1135 3074 Welckerns3
1157 3017 1231 3060 nam
1253 2999 1362 3081 priora
1384 3000 1450 3075 illa,

187 3101 300 3184 quibus
324 3099 495 3181 extispicia
516 3101 723 3174 continentur,
746 3120 802 3163 suo
826 3107 921 3175 certe,
943 3107 979 3162 ut
1001 3100 1100 3182 ajunt,
1122 3101 1228 3162 Marte
1251 3102 1436 3182 composuit.

273 3219 325 3282 Ab
356 3219 416 3283 hoo
448 3227 553 3282 autem
575 3219 644 3282 loco
668 3219 798 3282 eandem
819 3219 886 3300 jam
909 3220 973 3280 fere
997 3238 1088 3300 quam
1112 3216 1287 3299 Sophocles
1309 3218 1450 3300 ingredi-

187 3328 240 3386 tur
273 3319 368 3384 viam.
411 3320 495 3384 Nam
530 3319 581 3384 hic
603 3303 726 3402 quoque
751 3319 885 3400 OEdipus
909 3319 1073 3382 insimulat
1095 3319 1262 3382 Creontem
1284 3320 1372 3402 regui
1395 3341 1449 3384 cu-

187 3421 293 3502 pidine
316 3422 442 3486 ductum
467 3420 581 3484 falsum
602 3422 665 3484 sibi
687 3421 805 3484 crimen
829 3420 1025 3501 contingere:
1050 3419 1101 3482 hic
1123 3438 1246 3501 quoque
1268 3421 1321 3484 ille
1345 3441 1379 3484 se
1401 3422 1450 3486 ita

187 3522 340 3598 defendit,
363 3530 398 3587 ut
418 3530 512 3604 neget
533 3523 602 3586 sani
625 3522 761 3586 hominis
790 3541 869 3598 esse,
893 3540 986 3603 quum
1008 3519 1187 3602 proximum
1209 3540 1229 3584 a
1250 3541 1322 3604 rege
1344 3523 1447 3588 locum

187 3623 342 3699 obtineas,
374 3622 426 3687 ubi
461 3624 582 3705 pariter
615 3632 647 3687 et
679 3623 807 3706 privata
829 3622 999 3686 securitate
1022 3630 1055 3684 et
1076 3622 1172 3702 regiis
1195 3622 1305 3704 opibus
1326 3625 1448 3706 perfrui

186 3724 302 3808 possis,
334 3724 375 3788 ad
408 3724 497 3806 regni
530 3725 631 3808 ipsius
665 3724 827 3806 fastigium
861 3724 941 3786 velle
964 3722 1143 3798 ascendere,
1166 3729 1202 3786 ut
1222 3725 1264 3787 ad
1286 3726 1449 3790 commoda

187 3847 249 3890 non
272 3826 396 3907 majora
417 3825 557 3907 pericula
580 3835 612 3890 et
633 3825 864 3890 sollicitudines
887 3825 1056 3888 accedant:
1080 3843 1268 3907 quamquam
1293 3833 1324 3890 et
1346 3827 1447 3892 Creon

186 3927 311 4008 longius
329 3926 419 4008 justo
443 3929 653 4008 progreditur,
676 3947 768 4010 quum
793 3927 911 4008 OEdipo
934 3945 977 3998 se,
999 3925 1049 3987 vel
1072 3933 1107 3988 ut
1122 3925 1294 4007 deponeret
1309 3947 1447 4009 regnum,

186 4028 216 4092 si
247 4035 317 4091 tuto
351 4028 510 4109 potuisset
543 4029 711 4111 deponere,
743 4047 907 4092 suasumm
942 4025 1040 4090 tuisse
1069 4027 1235 4091 confirmat
1257 4036 1289 4091 et
1310 4029 1447 4112 OEdipus

165 4117 255 4211 'ipse
277 4129 443 4194 sententiis
466 4129 567 4194 utitur
589 4131 638 4205 iis,
660 4150 726 4212 quae
749 4129 848 4212 magis
870 4127 1000 4212 tyranni
1021 4146 1162 4210 persona
1185 4149 1278 4211 quam
1294 4131 1378 4210 regis
1393 4149 1447 4194 ao·

186 4231 395 4295 commodatae
427 4229 585 4295 videntur.
628 4231 745 4296 Exitus
782 4238 886 4294 autem
919 4227 1130 4293 contentionis
1163 4230 1247 4313 apud
1279 4238 1445 4314 utrumque

186 4337 315 4412 poetam
338 4331 500 4396 diversus:
524 4352 592 4415 quae
616 4332 700 4414 apud
723 4331 912 4414 Sophoclem
934 4333 974 4394 ab
997 4331 1121 4394 Iocaste
1143 4331 1347 4413 componitur,
1362 4333 1445 4414 apud

186 4433 271 4496 huuc
304 4452 462 4516 eousque
483 4433 670 4516 prorumpit,
693 4441 729 4498 ut
752 4432 888 4516 OEdipus
912 4433 1080 4497 Creontem
1103 4429 1135 4494 iu
1157 4451 1313 4496 carcerem
1333 4432 1446 4514 jubeat

187 4552 312 4614 conpar.

271 4633 421 4717 Sequitur
452 4633 637 4718 Sophoclea
661 4634 774 4698 sabula
797 4635 885 4700 loeus
907 4634 1014 4700 neseio
1037 4654 1075 4698 an
1099 4653 1179 4699 unus
1202 4633 1340 4699 omniurn
1361 4653 1444 4716 prae-

186 4735 412 4800 stantissimus.
455 4737 504 4800 Ibi
537 4736 631 4812 enim,
663 4755 755 4818 quum
788 4737 912 4800 Iocaste
944 4737 978 4798 id
1009 4755 1116 4818 agens,
1138 4743 1175 4799 ut
1195 4735 1442 4800 sollicitudinem

186 4836 249 4900 viri
281 4837 402 4901 soletur
433 4837 629 4920 animumque
651 4839 720 4919 ejus
742 4837 782 4901 ab
805 4837 998 4901 oraculorum
1021 4843 1192 4922 vatumque
1213 4837 1274 4900 nos
1296 4836 1442 4914 deducat,
