3554 5406
315 499 354 560 54
807 495 837 554 O.
862 497 893 554 Ε.
916 495 1088 554 Sandstrdm.

309 680 343 736 et
374 667 652 754 reprehendendus
674 667 853 752 Euripides,
875 670 959 752 quod
981 669 1137 751 abjectum
1161 669 1290 734 eundern
1312 675 1407 754 atque
1429 676 1571 734 oontem-

311 781 398 857 ptum
434 770 604 858 effinxerit
648 769 804 834 Nimirum
826 770 878 834 hic
900 791 1020 854 qnoque
1042 777 1225 836 constanter
1246 790 1337 835 suum
1360 770 1491 855 quisque
1513 791 1572 854 po-

309 884 363 938 eta
398 871 596 957 propositum
617 877 722 934 tenet:
748 891 847 953 nequo
870 872 952 936 euim
975 871 1030 936 ille
1052 872 1217 936 detrahere
1241 873 1406 956 quicquam
1430 874 1468 936 do
1491 872 1570 936 laci-

310 975 397 1040 noris
419 973 513 1054 hujus
536 971 704 1037 atrocitate
731 973 846 1054 potuit,
868 972 930 1036 nisi
953 974 1081 1037 multum
1104 973 1232 1037 inuidia
1254 994 1274 1037 a
1296 974 1412 1037 Medea
1433 973 1466 1037 iu
1480 973 1570 1037 laso-

311 1095 382 1140 nem
406 1073 635 1147 transtulisset,
660 1093 760 1156 neque
781 1073 834 1135 hio
856 1093 978 1149 rursus,
1001 1083 1036 1138 ut
1056 1074 1239 1138 immanitas
1261 1073 1569 1157 Medeaeaugeretur,

310 1177 464 1241 rationem
488 1175 581 1239 ullam
606 1174 746 1238 babebat
768 1173 941 1248 meliorem,
964 1196 1055 1258 quam
1078 1181 1114 1238 nt
1132 1176 1254 1257 justum
1277 1175 1364 1240 illum
1381 1184 1414 1240 et
1427 1175 1568 1259 probum,

312 1298 374 1342 non
398 1277 574 1353 laedentem,
596 1276 653 1338 sod
679 1275 787 1338 laesnm
809 1275 978 1340 induceret.
1018 1277 1082 1340 illa
1103 1295 1178 1340 vero
1202 1276 1267 1339 alia
1288 1285 1338 1340 est
1359 1276 1493 1359 quaestio
1515 1297 1567 1339 no-

311 1400 371 1462 que
394 1387 510 1454 tamen,
533 1387 568 1440 ut
591 1376 667 1440 mibi
690 1377 815 1460 quidem
839 1377 976 1453 videtur,
998 1379 1038 1441 ad
1062 1378 1285 1460 explicandum
1301 1377 1453 1453 difficilia,
1468 1377 1569 1440 utrius

311 1481 355 1544 sit
388 1480 498 1564 mplius
520 1478 717 1561 propositum
740 1477 843 1560 ipsum
871 1485 926 1541 aut
947 1486 1017 1543 uter
1037 1481 1081 1543 sit
1104 1479 1335 1543 consideratior
1355 1488 1452 1563 poeta
1474 1487 1567 1561 atque

311 1581 507 1665 prudentior,
529 1580 596 1643 isne
619 1577 673 1662 qui
697 1578 878 1642 credibilem
900 1587 1029 1644 conetur
1052 1581 1175 1644 efficere
1198 1600 1273 1656 rem,
1297 1599 1365 1664 qum
1387 1586 1511 1663 agatur,
1529 1600 1568 1642 au

311 1683 365 1767 qui
388 1681 616 1756 incredibilem,
638 1680 707 1743 isne
730 1679 785 1763 qui
808 1681 1056 1745 misericordiam
1081 1682 1291 1765 lacrimasque
1307 1691 1514 1750 commoveat.
1529 1699 1567 1744 au

312 1785 364 1868 qui
398 1783 471 1848 odio
505 1801 564 1845 nos
597 1789 629 1844 et
660 1782 791 1846 horrore
824 1783 1004 1863 perfundat,
1026 1783 1080 1866 qui
1102 1783 1263 1846 hominem
1288 1782 1433 1866 denique,
1455 1802 1494 1846 an
1516 1780 1569 1866 qui

312 1893 486 1950 monstrum
509 1884 541 1947 in
564 1901 658 1946 scena
680 1891 846 1964 proponat

394 2005 438 2068 Et
470 2010 643 2066 monstrum
677 2000 802 2085 quidem
834 2002 918 2066 hano
951 2022 1020 2066 esse
1054 2021 1114 2085 quo
1139 2003 1249 2066 melius
1272 2001 1479 2084 intelligatur,
1501 1998 1569 2063 ani·

312 2105 547 2168 madvertamus
570 2103 754 2185 paullisper,
777 2104 1037 2185 quemadmodum
1061 2103 1181 2168 incidat
1203 2106 1235 2169 in
1259 2104 1348 2168 illam
1371 2104 1474 2188 ipsam
1491 2100 1570 2164 libo-

312 2225 364 2269 ros
387 2205 548 2270 occidendi
572 2204 806 2286 cogitationem.
842 2204 962 2268 Incidit
983 2204 1065 2268 euim
1088 2207 1120 2268 iu
1143 2203 1220 2269 illud
1242 2204 1417 2279 consilium,
1440 2222 1501 2266 non
1517 2221 1570 2265 oa·

311 2307 376 2390 pit;
399 2327 498 2388 neque
522 2306 576 2368 diu
599 2305 792 2386 multumque
814 2325 918 2368 secum
941 2305 1013 2388 ipae
1035 2306 1192 2370 meditata
1213 2307 1255 2370 ad
1277 2307 1356 2370 illud
1379 2305 1500 2369 lacinus
1515 2322 1569 2366 ae

311 2410 405 2483 cedit,
427 2409 481 2470 sed
505 2426 580 2470 casu
603 2407 738 2489 quodam
760 2406 955 2469 extrinsecus
979 2407 1118 2470 oblatum
1141 2408 1221 2470 nihil
1244 2406 1379 2492 amplius
1402 2425 1495 2489 quam
1517 2424 1570 2468 ar·

311 2509 398 2592 ripit.
441 2509 590 2590 Magnum
623 2508 675 2570 hio
707 2515 807 2589 poetae
831 2517 863 2570 et
885 2527 1011 2589 gravem
1035 2527 1170 2572 errorem
1196 2509 1395 2585 offendimns3
1417 2527 1515 2590 neque
1537 2526 1571 2568 e-

313 2611 376 2676 nim
413 2618 478 2674 tam
511 2628 612 2691 prona
646 2609 688 2670 ad
721 2608 920 2672 atrocissima
954 2629 1081 2692 quaeque
1114 2619 1227 2674 natura
1253 2593 1432 2674 mortalium
1457 2615 1516 2684 est,
1538 2615 1572 2671 ut

312 2711 395 2776 tanti
428 2711 557 2776 sceleris
581 2720 613 2775 et
633 2729 741 2773 semen
765 2710 858 2773 simol
881 2709 1000 2774 existat
1022 2718 1054 2775 et
1076 2712 1254 2776 maturitas.
1298 2711 1469 2778 Paullatim
1491 2709 1571 2774 irre-

314 2814 363 2896 pit
396 2812 473 2876 illud
508 2812 620 2875 malum
643 2811 823 2894 sensimque
846 2831 879 2875 se
902 2811 935 2875 in
958 2813 1094 2876 animum
1117 2813 1296 2877 aversantis
1318 2811 1420 2897 primo
1443 2820 1475 2876 et
1496 2812 1571 2874 hor·

311 2913 463 2979 rescentis
486 2912 646 2990 insinuat3
668 2933 742 2976 mox
764 2913 921 2976 familiare
944 2915 1059 2978 iactum
1083 2922 1116 2979 et
1137 2923 1306 2991 assuetum,
1328 2933 1422 2998 quarn
1446 2921 1503 2977 aut
1517 2931 1570 2976 oc-

311 3015 398 3080 casio
431 3014 619 3078 sollioitavit
651 3025 706 3078 aut
737 3013 881 3076 incubuit
906 3015 1090 3091 necessitas,
1111 3024 1178 3078 tum
1202 3015 1335 3098 deniquo
1357 3013 1498 3098 apertius
1519 3014 1570 3078 iu·

310 3117 402 3180 vadit
433 3123 466 3181 ot
495 3117 561 3197 jam
595 3115 746 3190 adultum,
765 3115 832 3196 jam
855 3115 966 3195 majus,
988 3135 1080 3198 quam
1104 3117 1151 3180 oui
1175 3118 1282 3180 resisti
1304 3117 1417 3200 possit,
1439 3122 1571 3198 occupat

311 3220 452 3283 animum
476 3216 734 3301 praecipitemque
757 3217 797 3279 ad
819 3235 885 3279 rem
907 3217 1079 3298 cogitatam
1102 3219 1241 3281 detrudit
1262 3227 1294 3282 et
1315 3219 1409 3302 rapit.

394 3353 478 3417 Huic
511 3373 584 3414 vero
615 3371 705 3434 quam
731 3349 822 3413 facile
845 3350 958 3413 incidit
978 3352 1089 3426 scelus,
1112 3361 1176 3414 tam
1200 3353 1291 3416 iacile
1314 3355 1469 3418 excidisse
1493 3373 1570 3438 quo-

310 3477 368 3539 que
390 3456 527 3520 videtur.
570 3455 643 3518 Jam
666 3453 749 3515 enim
773 3451 848 3515 nulli
872 3451 927 3515 alii
951 3453 995 3516 rei
1019 3461 1112 3516 vacat
1134 3473 1226 3536 quam
1249 3455 1376 3518 uenenis
1399 3464 1431 3519 et
1452 3455 1568 3518 carmi-

311 3558 414 3632 nibus,
448 3575 578 3640 quornm
614 3553 825 3637 descriptione
859 3574 968 3617 versus
1002 3555 1196 3636 complentur
1224 3575 1285 3619 non
1309 3557 1412 3620 minus
1435 3555 1568 3620 ducenti.

310 3659 360 3724 Ao
381 3657 517 3742 primum
541 3657 666 3740 quidem
690 3675 710 3718 a
729 3654 848 3719 nutrice
872 3664 1035 3718 narratur:
1068 3655 1258 3739 corripuisse
1280 3678 1315 3722 so
1336 3659 1444 3722 heram
1465 3657 1497 3721 iu
1519 3658 1568 3722 in·

310 3760 419 3825 timum
452 3768 573 3841 partem
608 3758 719 3820 domus
752 3756 869 3837 ibique,
891 3757 1013 3819 Hecate
1035 3755 1205 3838 implorata
1228 3767 1463 3844 convocatoque
1485 3757 1569 3823 omni

309 3861 503 3944 serpentium
525 3877 647 3942 genere,
671 3877 795 3920 venena
817 3857 1062 3920 innumerabilia
1085 3860 1280 3924 concoxisse:
1304 3881 1432 3944 quorum
1454 3880 1516 3945 qua
1531 3879 1569 3924 ex

310 3962 437 4044 regione
459 3961 502 4024 sit
524 3959 666 4042 quodque
689 3958 862 4034 collectum,
885 3959 1053 4040 diligenter
1075 3959 1259 4024 ostenditur.
1302 3963 1379 4026 Mox
1401 3963 1472 4044 ipsa
1493 3981 1569 4045 pro-

310 4063 378 4128 silit
410 4063 535 4138 lurens3
568 4069 681 4124 evocat
702 4057 828 4122 umbras
851 4059 1000 4135 infernas,
1023 4058 1175 4143 implorat
1197 4063 1387 4128 carminibus
1409 4065 1568 4128 Hecaten:

310 4166 350 4228 ad
373 4172 545 4228 extremum
569 4161 601 4224 vi
624 4171 656 4224 et
679 4160 879 4224 multitudine
901 4180 1092 4225 venenorum
1114 4162 1286 4244 gloriatur:

906 4293 1004 4351 Habeo
1025 4294 1152 4357 flamma

550 4385 620 4442 Usto
641 4383 718 4441 tauri
739 4383 854 4454 gutture
875 4383 982 4451 raptas,

551 4471 649 4528 Habeo
671 4469 768 4526 menia
790 4469 864 4524 dona
885 4467 1028 4525 Chimmrae

551 4559 617 4627 Quae
638 4557 777 4628 permixto
799 4555 864 4612 lello
885 4555 1006 4612 Medusa

551 4644 681 4702 Tacitum
700 4644 770 4717 jussi
792 4659 903 4700 servare
924 4643 1039 4698 malum.
1372 4715 1375 4722 Ι

1104 4745 1131 4784 v.
1156 4727 1315 4785 835-39.
