3508 5404
771 537 801 596 0.
825 539 857 596 Ε.
880 538 1054 596 Sontatrom.

497 710 563 779 Qua
584 727 657 768 nexo
678 711 734 768 ruis
755 713 872 768 currunt
893 710 992 768 ouueie.

497 799 525 855 It
546 798 646 869 cuique
667 801 746 856 retus
766 815 848 871 prece
869 815 927 856 nou
948 799 1008 856 ullu

497 885 609 942 Mobilis
630 884 706 942 ordo.

1049 968 1112 1026 OEd.
1138 969 1317 1026 1001-13.

340 1089 475 1156 Solvitur
497 1093 575 1176 quod
598 1091 703 1174 cuique
725 1089 902 1174 promissum
924 1099 980 1154 eet.
1024 1091 1106 1153 Eunt
1128 1089 1178 1153 vie
1199 1110 1256 1153 sua
1277 1094 1343 1154 lata
1364 1113 1418 1155 nec
1439 1093 1516 1173 edji-

257 1192 342 1255 ciunt
362 1191 518 1275 quicquam
541 1213 598 1255 nec
619 1213 658 1257 ox
678 1191 822 1275 promisso
843 1191 936 1256 semel
958 1191 1091 1254 demunt.
1124 1192 1250 1254 Frustra
1272 1202 1343 1254 vote
1365 1213 1400 1257 oe
1415 1193 1516 1258 studia

259 1304 340 1356 suut.
382 1293 519 1358 Habebit
551 1293 675 1377 quisque
703 1302 847 1376 quantum
880 1291 923 1354 illi
954 1290 1017 1355 dies
1047 1293 1161 1375 primus
1188 1292 1359 1375 adscripsit.
1401 1296 1439 1358 D.
1462 1295 1516 1369 VI,

134 1379 137 1386 ’
257 1394 309 1470 21,
327 1393 357 1459 6.

342 1494 494 1579 Quicquid
526 1505 571 1560 est
603 1495 681 1578 quod
705 1515 757 1560 uos
780 1495 824 1558 sic
846 1493 957 1569 vivere,
978 1492 1022 1556 sic
1044 1493 1118 1556 mori
1136 1493 1238 1573 jussit,
1260 1494 1363 1559 eadem
1386 1497 1513 1561 uecessi-

261 1602 325 1659 tate
347 1604 377 1659 et
398 1598 471 1660 deos
493 1597 616 1680 adligat.
649 1595 857 1660 Irrevocabilis
880 1594 1012 1658 huruuua
1034 1595 1150 1676 pariter
1172 1613 1208 1658 ac
1229 1594 1332 1658 diviua
1347 1617 1451 1660 cursus
1465 1618 1519 1660 ve·

259 1696 314 1760 hit.
357 1697 396 1760 D.
418 1698 444 1773 I,
466 1696 497 1774 5,
518 1697 548 1762 8.

344 1798 424 1860 Fata
446 1817 500 1861 nos
522 1799 635 1864 ducunt
658 1807 689 1861 et
715 1807 860 1881 quantum
883 1797 989 1880 cuique
1011 1795 1155 1878 temporis
1168 1804 1266 1860 restat
1280 1797 1377 1880 prime
1390 1818 1519 1864 uescen-

259 1897 334 1962 tium
356 1899 430 1962 hora
451 1899 609 1982 disposuit.
652 1900 756 1964 Ouuse
777 1899 887 1982 pendet
909 1917 947 1960 ex
968 1917 1069 1962 cause.
1093 1933 1131 1943 -
1155 1896 1235 1962 Olim
1258 1900 1454 1966 coustitutum
1473 1910 1518 1964 est

260 1999 330 2083 quid
352 2001 491 2081 gaudeas,
514 2001 584 2084 quid
606 2000 688 2064 fleas.
732 2001 770 2064 D.
793 2001 819 2074 Ι,
841 1999 872 2074 5,
894 1989 929 2061 7.

343 2102 424 2164 Fata
445 2101 679 2166 irrevocabiliter
695 2102 745 2182 jus
766 2120 852 2164 suurn
876 2107 1022 2182 peragunt
1044 2119 1098 2162 nec
1120 2099 1179 2162 ulla
1194 2109 1418 2165 commoventur
1432 2121 1518 2184 prece

260 2247 269 2264 .
292 2245 300 2264 .
322 2247 330 2266 .
353 2201 421 2264 Nou
444 2201 646 2268 misericordia
667 2203 757 2281 flecti,
780 2221 838 2264 non
861 2202 958 2282 gretia
981 2199 1090 2264 sciunt.
1134 2201 1173 2264 N.
1195 2199 1236 2272 Q.
1257 2202 1300 2277 11,
1321 2201 1372 2276 25,
1393 2205 1422 2266 2.

342 2301 425 2366 Rota
446 2313 478 2366 et
498 2305 562 2367 fixa
581 2312 654 2367 eunt
675 2313 706 2366 et
727 2322 838 2384 magno
861 2312 950 2383 atque
973 2310 1084 2363 aeterua
1107 2301 1288 2365 necessitate
1310 2303 1518 2368 ducuntur.-

261 2401 360 2466 Series
392 2404 507 2468 invicta
538 2415 569 2469 et
603 2405 687 2468 nulla
719 2402 872 2495 mutabilis
901 2422 956 2483 ope
977 2401 1107 2482 illigavit
1128 2422 1164 2465 ec
1186 2403 1280 2466 trahit
1301 2413 1419 2469 cuncte.
1461 2407 1518 2488 Ep.

260 2496 312 2577 77,
336 2504 383 2567 12.

502 2743 571 2819 (logi
592 2745 641 2817 qui
662 2744 755 2814 potest
776 2742 865 2800 nevolt
887 2741 968 2798 mori.
1017 2743 1020 2746 ’

1054 2829 1089 2884 Η.
1113 2829 1144 2886 F.
1169 2830 1242 2887 431.

842 2949 871 3006 ui
893 2949 972 3022 piget
995 2950 1097 3016 luctus,
1120 2951 1207 3007 hebes

502 3035 621 3092 Mortem
643 3039 783 3107 peretum.

1052 3123 1088 3179 H.
1112 3123 1143 3179 F.
1163 3123 1320 3182 1032-3.

504 3243 614 3315 Ubique
636 3245 784 3309 moreest,
808 3243 914 3314 optime
935 3245 989 3301 hoo
1011 3245 1089 3302 cevit
1111 3245 1191 3300 deus:

504 3331 619 3402 Eripere
641 3331 732 3387 vitem
754 3347 835 3387 nemo
853 3331 1028 3388 uonhomini
1049 3334 1152 3403 potest,

502 3418 541 3474 At
562 3435 644 3474 nemo
670 3420 803 3475 mortem:
826 3419 905 3474 mille
927 3419 1059 3474 adhunc
1081 3418 1175 3474 editus
1196 3422 1306 3490 putent.

1026 3507 1088 3562 OEd.
1112 3505 1157 3562 Fr.
1185 3507 1319 3563 151-3.

502 3627 574 3683 Mori
595 3625 703 3683 volenti
725 3627 801 3683 desse
822 3644 896 3683 mors
918 3644 1073 3696 numquam
1095 3629 1199 3696 potest.

1053 3713 1105 3769 Ph.
1130 3715 1202 3770 886.

463 3787 466 3800 ·
502 3833 576 3892 Tuto
597 3837 639 3892 ost
660 3834 752 3906 perire
775 3853 836 3904 quae
858 3837 952 3906 potest
973 3835 1181 3976 debetToupit.8

1075 3939 1117 3978 ro.
1143 3923 1159 3977 5
1186 3923 1214 3977 3.

502 4041 563 4098 Heu
585 4059 671 4112 quam
691 4043 772 4098 dulce
793 4044 900 4100 mulum
921 4044 1061 4100 mentibus
1082 4041 1210 4099 additum

502 4129 576 4186 vita
597 4129 673 4185 dirus
695 4147 782 4198 emor,
805 4149 870 4188 cum
891 4133 991 4202 peteret
1012 4129 1081 4186 meli

503 4217 644 4290 Effirgium
666 4219 696 4272 et
717 4219 831 4276 miseros
852 4218 942 4274 libere
963 4234 1038 4273 mors
1059 4219 1141 4273 vocet

504 4304 604 4362 Portus
626 4306 732 4361 eterne
752 4305 881 4378 placidus
902 4305 1004 4377 quiete.

1053 4390 1107 4463 Ag.
1133 4390 1229 4446 610-
1243 4387 1292 4445 13.

504 4512 527 4570 Ο
549 4528 635 4585 quum
656 4512 786 4568 misenum
807 4515 851 4569 eet
872 4512 978 4569 nescire
1000 4512 1080 4568 mori.
1155 4597 1194 4652 35

1054 4599 1107 4670 Ag.
1133 4599 1150 4653 6
1199 4635 1205 4651 .

502 4721 618 4778 Fnuotre
639 4720 752 4777 tenetur
772 4719 822 4776 illc
844 4717 894 4790 qui
915 4719 1017 4778 statuit
1038 4719 1117 4775 mori.

1055 4805 1091 4861 Η.
1116 4803 1173 4861 OEt.
1200 4803 1271 4869 926,
