<?xml version="1.0" encoding="UTF-8"?>
<!DOCTYPE html PUBLIC "-//W3C//DTD XHTML 1.0 Transitional//EN"
    "http://www.w3.org/TR/xhtml1/DTD/xhtml1-transitional.dtd">
<html xmlns="http://www.w3.org/1999/xhtml" xml:lang="en" lang="en">
 <head>
  <title>
</title>
<meta http-equiv="Content-Type" content="text/html;charset=utf-8" />
  <meta name='ocr-system' content='tesseract 3.04.00' />
  <meta name='ocr-capabilities' content='ocr_page ocr_carea ocr_par ocr_line ocrx_word'/>
</head>
<body>
  <div class='ocr_page' id='page_1' title='image "./delannaeiseneca00sandgoog_0047.png"; bbox 0 0 3554 5406; ppageno 0'>
   <div class='ocr_carea' id='block_1_1' title="bbox 341 483 1112 580">
    <p class='ocr_par' dir='ltr' id='par_1_1' title="bbox 341 483 1112 580">
     <span class='ocr_line' id='line_1_1' title="bbox 341 483 1112 580; baseline -0.003 0"><span class='ocrx_word' id='word_1_1' title='bbox 341 519 380 580; x_wconf 86' lang='lat' dir='ltr'>ss</span> <span class='ocrx_word' id='word_1_2' title='bbox 728 483 731 488; x_wconf 71' lang='grc'><strong>’</strong></span> <span class='ocrx_word' id='word_1_3' title='bbox 832 517 862 576; x_wconf 89' lang='lat' dir='ltr'>c.</span> <span class='ocrx_word' id='word_1_4' title='bbox 886 521 917 578; x_wconf 87' lang='lat' dir='ltr'>u.</span> <span class='ocrx_word' id='word_1_5' title='bbox 940 519 1112 578; x_wconf 62' lang='lat' dir='ltr'>merrom.</span> 
     </span>
    </p>
   </div>
   <div class='ocr_carea' id='block_1_2' title="bbox 338 691 1601 2074">
    <p class='ocr_par' dir='ltr' id='par_1_2' title="bbox 338 691 1601 2074">
     <span class='ocr_line' id='line_1_2' title="bbox 338 691 1600 776; baseline -0.002 -18"><span class='ocrx_word' id='word_1_6' title='bbox 338 711 423 758; x_wconf 81' lang='lat' dir='ltr'>nscoe</span> <span class='ocrx_word' id='word_1_7' title='bbox 456 711 525 756; x_wconf 85' lang='lat' dir='ltr'>esse</span> <span class='ocrx_word' id='word_1_8' title='bbox 557 691 853 758; x_wconf 80' lang='lat' dir='ltr'>demonstravimus.</span> <span class='ocrx_word' id='word_1_9' title='bbox 897 691 974 766; x_wconf 80' lang='lat' dir='ltr'>Qua</span> <span class='ocrx_word' id='word_1_10' title='bbox 1007 700 1043 756; x_wconf 93' lang='lat' dir='ltr'>ut</span> <span class='ocrx_word' id='word_1_11' title='bbox 1075 692 1241 776; x_wconf 88' lang='lat' dir='ltr'>aliquanto</span> <span class='ocrx_word' id='word_1_12' title='bbox 1263 692 1365 774; x_wconf 86' lang='lat' dir='ltr'>magis</span> <span class='ocrx_word' id='word_1_13' title='bbox 1387 699 1494 756; x_wconf 85' lang='lat' dir='ltr'>essent</span> <span class='ocrx_word' id='word_1_14' title='bbox 1513 692 1600 756; x_wconf 85' lang='lat' dir='ltr'>iusi-</span> 
     </span>
     <span class='ocr_line' id='line_1_3' title="bbox 339 793 1601 878; baseline -0.001 -21"><span class='ocrx_word' id='word_1_15' title='bbox 339 795 423 878; x_wconf 84' lang='lat' dir='ltr'>gnia,</span> <span class='ocrx_word' id='word_1_16' title='bbox 456 793 605 858; x_wconf 88' lang='lat' dir='ltr'>Ovidium</span> <span class='ocrx_word' id='word_1_17' title='bbox 638 793 790 858; x_wconf 84' lang='lat' dir='ltr'>imitando</span> <span class='ocrx_word' id='word_1_18' title='bbox 814 813 944 878; x_wconf 88' lang='lat' dir='ltr'>eumque</span> <span class='ocrx_word' id='word_1_19' title='bbox 965 803 1126 878; x_wconf 88' lang='lat' dir='ltr'>tamquam</span> <span class='ocrx_word' id='word_1_20' title='bbox 1148 794 1182 858; x_wconf 93' lang='lat' dir='ltr'>in</span> <span class='ocrx_word' id='word_1_21' title='bbox 1204 802 1364 858; x_wconf 86' lang='lat' dir='ltr'>certamen</span> <span class='ocrx_word' id='word_1_22' title='bbox 1386 794 1514 858; x_wconf 84' lang='lat' dir='ltr'>artificii</span> <span class='ocrx_word' id='word_1_23' title='bbox 1535 813 1601 857; x_wconf 87' lang='lat' dir='ltr'>vn-</span> 
     </span>
     <span class='ocr_line' id='line_1_4' title="bbox 339 894 1600 978; baseline 0 -20"><span class='ocrx_word' id='word_1_24' title='bbox 339 897 438 960; x_wconf 89' lang='lat' dir='ltr'>eeudo</span> <span class='ocrx_word' id='word_1_25' title='bbox 461 895 602 977; x_wconf 83' lang='lat' dir='ltr'>perfecit</span> <span class='ocrx_word' id='word_1_26' title='bbox 635 895 784 958; x_wconf 73' lang='lat' dir='ltr'><strong>Imitatus</strong></span> <span class='ocrx_word' id='word_1_27' title='bbox 807 915 882 958; x_wconf 84' lang='lat' dir='ltr'>vero</span> <span class='ocrx_word' id='word_1_28' title='bbox 908 903 958 958; x_wconf 91' lang='lat' dir='ltr'>est</span> <span class='ocrx_word' id='word_1_29' title='bbox 978 896 1036 970; x_wconf 89' lang='lat' dir='ltr'>ita,</span> <span class='ocrx_word' id='word_1_30' title='bbox 1058 903 1103 970; x_wconf 92' lang='lat' dir='ltr'>ut,</span> <span class='ocrx_word' id='word_1_31' title='bbox 1126 896 1199 958; x_wconf 91' lang='lat' dir='ltr'>dum</span> <span class='ocrx_word' id='word_1_32' title='bbox 1220 896 1253 960; x_wconf 92' lang='lat' dir='ltr'>in</span> <span class='ocrx_word' id='word_1_33' title='bbox 1275 895 1405 978; x_wconf 86' lang='lat' dir='ltr'>singulis</span> <span class='ocrx_word' id='word_1_34' title='bbox 1428 897 1520 960; x_wconf 90' lang='lat' dir='ltr'>rebus</span> <span class='ocrx_word' id='word_1_35' title='bbox 1542 894 1600 958; x_wconf 93' lang='lat' dir='ltr'>iu-</span> 
     </span>
     <span class='ocr_line' id='line_1_5' title="bbox 338 995 1599 1080; baseline -0.001 -20"><span class='ocrx_word' id='word_1_36' title='bbox 338 997 428 1060; x_wconf 78' lang='lat' dir='ltr'><strong>sistit</strong></span> <span class='ocrx_word' id='word_1_37' title='bbox 459 1015 575 1078; x_wconf 87' lang='lat' dir='ltr'>cssque</span> <span class='ocrx_word' id='word_1_38' title='bbox 608 995 819 1060; x_wconf 78' lang='lat' dir='ltr'>minutissime</span> <span class='ocrx_word' id='word_1_39' title='bbox 847 997 1114 1080; x_wconf 78' lang='lat' dir='ltr'>subtilissimeque</span> <span class='ocrx_word' id='word_1_40' title='bbox 1137 997 1298 1072; x_wconf 84' lang='lat' dir='ltr'>describit,</span> <span class='ocrx_word' id='word_1_41' title='bbox 1320 997 1462 1078; x_wconf 89' lang='lat' dir='ltr'>singulos</span> <span class='ocrx_word' id='word_1_42' title='bbox 1484 1016 1599 1060; x_wconf 82' lang='lat' dir='ltr'>versus</span> 
     </span>
     <span class='ocr_line' id='line_1_6' title="bbox 340 1097 1600 1180; baseline -0.002 -18"><span class='ocrx_word' id='word_1_43' title='bbox 340 1097 449 1162; x_wconf 81' lang='lat' dir='ltr'>Ovidii</span> <span class='ocrx_word' id='word_1_44' title='bbox 482 1098 547 1162; x_wconf 88' lang='lat' dir='ltr'>suis</span> <span class='ocrx_word' id='word_1_45' title='bbox 580 1097 702 1162; x_wconf 87' lang='lat' dir='ltr'>octonis</span> <span class='ocrx_word' id='word_1_46' title='bbox 735 1107 791 1160; x_wconf 88' lang='lat' dir='ltr'>aut</span> <span class='ocrx_word' id='word_1_47' title='bbox 824 1098 914 1160; x_wconf 91' lang='lat' dir='ltr'>denis</span> <span class='ocrx_word' id='word_1_48' title='bbox 951 1097 1159 1180; x_wconf 82' lang='lat' dir='ltr'>expresserit3</span> <span class='ocrx_word' id='word_1_49' title='bbox 1192 1117 1253 1180; x_wconf 89' lang='lat' dir='ltr'>que</span> <span class='ocrx_word' id='word_1_50' title='bbox 1275 1099 1397 1162; x_wconf 86' lang='lat' dir='ltr'>ratione</span> <span class='ocrx_word' id='word_1_51' title='bbox 1418 1099 1600 1180; x_wconf 80' lang='lat' dir='ltr'>prolixiora</span> 
     </span>
     <span class='ocr_line' id='line_1_7' title="bbox 340 1198 1599 1282; baseline 0 -20"><span class='ocrx_word' id='word_1_52' title='bbox 340 1198 464 1280; x_wconf 87' lang='lat' dir='ltr'>quidem</span> <span class='ocrx_word' id='word_1_53' title='bbox 487 1199 589 1262; x_wconf 89' lang='lat' dir='ltr'>omnia</span> <span class='ocrx_word' id='word_1_54' title='bbox 611 1199 715 1279; x_wconf 87' lang='lat' dir='ltr'>potuit</span> <span class='ocrx_word' id='word_1_55' title='bbox 736 1199 878 1274; x_wconf 85' lang='lat' dir='ltr'>reddere,</span> <span class='ocrx_word' id='word_1_56' title='bbox 900 1198 1082 1282; x_wconf 87' lang='lat' dir='ltr'>pulchriora</span> <span class='ocrx_word' id='word_1_57' title='bbox 1104 1217 1164 1262; x_wconf 90' lang='lat' dir='ltr'>uon</span> <span class='ocrx_word' id='word_1_58' title='bbox 1186 1199 1306 1280; x_wconf 89' lang='lat' dir='ltr'>potuit;</span> <span class='ocrx_word' id='word_1_59' title='bbox 1328 1206 1513 1281; x_wconf 88' lang='lat' dir='ltr'>tentumque</span> <span class='ocrx_word' id='word_1_60' title='bbox 1535 1201 1599 1263; x_wconf 86' lang='lat' dir='ltr'>ab·</span> 
     </span>
     <span class='ocr_line' id='line_1_8' title="bbox 340 1299 1598 1382; baseline 0 -19"><span class='ocrx_word' id='word_1_61' title='bbox 340 1309 398 1375; x_wconf 86' lang='lat' dir='ltr'>est,</span> <span class='ocrx_word' id='word_1_62' title='bbox 431 1307 468 1362; x_wconf 89' lang='lat' dir='ltr'>ut</span> <span class='ocrx_word' id='word_1_63' title='bbox 499 1299 716 1380; x_wconf 84' lang='lat' dir='ltr'>amplificando</span> <span class='ocrx_word' id='word_1_64' title='bbox 750 1300 992 1382; x_wconf 83' lang='lat' dir='ltr'>exornandoque</span> <span class='ocrx_word' id='word_1_65' title='bbox 1025 1308 1079 1363; x_wconf 88' lang='lat' dir='ltr'>sut</span> <span class='ocrx_word' id='word_1_66' title='bbox 1100 1300 1230 1382; x_wconf 84' lang='lat' dir='ltr'>gravius</span> <span class='ocrx_word' id='word_1_67' title='bbox 1252 1301 1416 1382; x_wconf 90' lang='lat' dir='ltr'>quicquam</span> <span class='ocrx_word' id='word_1_68' title='bbox 1440 1307 1497 1364; x_wconf 89' lang='lat' dir='ltr'>ant</span> <span class='ocrx_word' id='word_1_69' title='bbox 1517 1300 1598 1364; x_wconf 89' lang='lat' dir='ltr'>illu·</span> 
     </span>
     <span class='ocr_line' id='line_1_9' title="bbox 339 1400 1598 1486; baseline 0 -22"><span class='ocrx_word' id='word_1_70' title='bbox 339 1402 435 1464; x_wconf 88' lang='lat' dir='ltr'>strius</span> <span class='ocrx_word' id='word_1_71' title='bbox 458 1401 580 1476; x_wconf 82' lang='lat' dir='ltr'>lecerit,</span> <span class='ocrx_word' id='word_1_72' title='bbox 594 1421 697 1483; x_wconf 88' lang='lat' dir='ltr'>quem</span> <span class='ocrx_word' id='word_1_73' title='bbox 718 1401 785 1482; x_wconf 88' lang='lat' dir='ltr'>jam</span> <span class='ocrx_word' id='word_1_74' title='bbox 808 1400 988 1486; x_wconf 71' lang='lat' dir='ltr'>stvidio</span> <span class='ocrx_word' id='word_1_75' title='bbox 1012 1410 1080 1464; x_wconf 90' lang='lat' dir='ltr'>erat</span> <span class='ocrx_word' id='word_1_76' title='bbox 1102 1421 1298 1483; x_wconf 83' lang='lat' dir='ltr'>expressum,</span> <span class='ocrx_word' id='word_1_77' title='bbox 1320 1409 1356 1464; x_wconf 92' lang='lat' dir='ltr'>nt</span> <span class='ocrx_word' id='word_1_78' title='bbox 1378 1401 1475 1464; x_wconf 88' lang='lat' dir='ltr'>etiam</span> <span class='ocrx_word' id='word_1_79' title='bbox 1491 1402 1598 1464; x_wconf 86' lang='lat' dir='ltr'>etob-</span> 
     </span>
     <span class='ocr_line' id='line_1_10' title="bbox 339 1501 1598 1584; baseline 0.001 -20"><span class='ocrx_word' id='word_1_80' title='bbox 339 1507 481 1566; x_wconf 87' lang='lat' dir='ltr'>scuretur</span> <span class='ocrx_word' id='word_1_81' title='bbox 513 1519 747 1584; x_wconf 84' lang='lat' dir='ltr'>nonnumquam</span> <span class='ocrx_word' id='word_1_82' title='bbox 770 1521 820 1564; x_wconf 90' lang='lat' dir='ltr'>res</span> <span class='ocrx_word' id='word_1_83' title='bbox 844 1502 914 1583; x_wconf 90' lang='lat' dir='ltr'>ipss</span> <span class='ocrx_word' id='word_1_84' title='bbox 936 1512 968 1565; x_wconf 88' lang='lat' dir='ltr'>et</span> <span class='ocrx_word' id='word_1_85' title='bbox 989 1501 1171 1566; x_wconf 81' lang='lat' dir='ltr'>debilitetur</span> <span class='ocrx_word' id='word_1_86' title='bbox 1194 1502 1287 1583; x_wconf 89' lang='lat' dir='ltr'>copia</span> <span class='ocrx_word' id='word_1_87' title='bbox 1309 1503 1484 1567; x_wconf 89' lang='lat' dir='ltr'>verborum.</span> <span class='ocrx_word' id='word_1_88' title='bbox 1527 1501 1598 1566; x_wconf 86' lang='lat' dir='ltr'>Ac-</span> 
     </span>
     <span class='ocr_line' id='line_1_11' title="bbox 339 1603 1596 1685; baseline 0 -19"><span class='ocrx_word' id='word_1_89' title='bbox 339 1603 424 1668; x_wconf 88' lang='lat' dir='ltr'>cedit</span> <span class='ocrx_word' id='word_1_90' title='bbox 445 1603 609 1666; x_wconf 75' lang='lat' dir='ltr'>salebrosa</span> <span class='ocrx_word' id='word_1_91' title='bbox 630 1603 858 1685; x_wconf 88' lang='lat' dir='ltr'>quodammodo</span> <span class='ocrx_word' id='word_1_92' title='bbox 881 1623 919 1668; x_wconf 88' lang='lat' dir='ltr'>ae</span> <span class='ocrx_word' id='word_1_93' title='bbox 940 1604 1049 1668; x_wconf 90' lang='lat' dir='ltr'>crebro</span> <span class='ocrx_word' id='word_1_94' title='bbox 1071 1604 1248 1668; x_wconf 74' lang='lat' dir='ltr'>subsistens</span> <span class='ocrx_word' id='word_1_95' title='bbox 1270 1605 1373 1668; x_wconf 81' lang='lat' dir='ltr'>cretio</span> <span class='ocrx_word' id='word_1_96' title='bbox 1397 1611 1430 1666; x_wconf 92' lang='lat' dir='ltr'>et</span> <span class='ocrx_word' id='word_1_97' title='bbox 1451 1622 1520 1685; x_wconf 91' lang='lat' dir='ltr'>quse</span> <span class='ocrx_word' id='word_1_98' title='bbox 1542 1604 1596 1666; x_wconf 88' lang='lat' dir='ltr'>iu-</span> 
     </span>
     <span class='ocr_line' id='line_1_12' title="bbox 339 1703 1597 1788; baseline -0.002 -20"><span class='ocrx_word' id='word_1_99' title='bbox 339 1706 463 1768; x_wconf 88' lang='lat' dir='ltr'>terdum</span> <span class='ocrx_word' id='word_1_100' title='bbox 495 1703 543 1766; x_wconf 89' lang='lat' dir='ltr'>ita</span> <span class='ocrx_word' id='word_1_101' title='bbox 575 1723 609 1766; x_wconf 91' lang='lat' dir='ltr'>se</span> <span class='ocrx_word' id='word_1_102' title='bbox 637 1704 792 1785; x_wconf 87' lang='lat' dir='ltr'>impediet</span> <span class='ocrx_word' id='word_1_103' title='bbox 814 1704 894 1785; x_wconf 82' lang='lat' dir='ltr'>ipsa,</span> <span class='ocrx_word' id='word_1_104' title='bbox 914 1712 952 1767; x_wconf 90' lang='lat' dir='ltr'>ut</span> <span class='ocrx_word' id='word_1_105' title='bbox 973 1703 1036 1768; x_wconf 89' lang='lat' dir='ltr'>nisi</span> <span class='ocrx_word' id='word_1_106' title='bbox 1059 1705 1277 1786; x_wconf 79' lang='lat' dir='ltr'>rogatiuncula</span> <span class='ocrx_word' id='word_1_107' title='bbox 1299 1705 1407 1788; x_wconf 88' lang='lat' dir='ltr'>aliqua</span> <span class='ocrx_word' id='word_1_108' title='bbox 1428 1705 1597 1784; x_wconf 87' lang='lat' dir='ltr'>interjecta</span> 
     </span>
     <span class='ocr_line' id='line_1_13' title="bbox 340 1804 1597 1888; baseline -0.001 -18"><span class='ocrx_word' id='word_1_109' title='bbox 340 1807 381 1870; x_wconf 87' lang='lat' dir='ltr'>ab</span> <span class='ocrx_word' id='word_1_110' title='bbox 414 1825 460 1880; x_wconf 87' lang='lat' dir='ltr'>eo,</span> <span class='ocrx_word' id='word_1_111' title='bbox 492 1804 541 1868; x_wconf 91' lang='lat' dir='ltr'>cui</span> <span class='ocrx_word' id='word_1_112' title='bbox 576 1805 698 1867; x_wconf 83' lang='lat' dir='ltr'>narrari</span> <span class='ocrx_word' id='word_1_113' title='bbox 721 1805 931 1886; x_wconf 72' lang='lat' dir='ltr'>mingitur,</span> <span class='ocrx_word' id='word_1_114' title='bbox 954 1805 1177 1887; x_wconf 86' lang='lat' dir='ltr'>vixprogredi</span> <span class='ocrx_word' id='word_1_115' title='bbox 1200 1806 1462 1888; x_wconf 88' lang='lat' dir='ltr'>longiuspossit;</span> <span class='ocrx_word' id='word_1_116' title='bbox 1485 1805 1597 1869; x_wconf 88' lang='lat' dir='ltr'>uthic</span> 
     </span>
     <span class='ocr_line' id='line_1_14' title="bbox 339 1904 1594 1990; baseline 0.001 -22"><span class='ocrx_word' id='word_1_117' title='bbox 339 1915 414 1990; x_wconf 89' lang='lat' dir='ltr'>post</span> <span class='ocrx_word' id='word_1_118' title='bbox 445 1906 602 1987; x_wconf 87' lang='lat' dir='ltr'>inceptam</span> <span class='ocrx_word' id='word_1_119' title='bbox 625 1904 776 1969; x_wconf 82' lang='lat' dir='ltr'>maritimi</span> <span class='ocrx_word' id='word_1_120' title='bbox 799 1906 885 1969; x_wconf 93' lang='lat' dir='ltr'>illius</span> <span class='ocrx_word' id='word_1_121' title='bbox 908 1909 1039 1970; x_wconf 90' lang='lat' dir='ltr'>monstri</span> <span class='ocrx_word' id='word_1_122' title='bbox 1062 1905 1307 1988; x_wconf 82' lang='lat' dir='ltr'>descriptionem</span> <span class='ocrx_word' id='word_1_123' title='bbox 1331 1907 1461 1972; x_wconf 84' lang='lat' dir='ltr'>haerenti</span> <span class='ocrx_word' id='word_1_124' title='bbox 1483 1906 1594 1970; x_wconf 87' lang='lat' dir='ltr'>nuntio</span> 
     </span>
     <span class='ocr_line' id='line_1_15' title="bbox 338 2008 667 2074; baseline -0.015 0"><span class='ocrx_word' id='word_1_125' title='bbox 338 2009 479 2074; x_wconf 87' lang='lat' dir='ltr'>Theseus</span> <span class='ocrx_word' id='word_1_126' title='bbox 501 2008 667 2070; x_wconf 88' lang='lat' dir='ltr'>succurrit:</span> 
     </span>
    </p>
   </div>
   <div class='ocr_carea' id='block_1_3' title="bbox 467 2141 1403 2461">
    <p class='ocr_par' dir='ltr' id='par_1_3' title="bbox 467 2141 1403 2461">
     <span class='ocr_line' id='line_1_16' title="bbox 467 2141 1283 2200; baseline 0.002 -2"><span class='ocrx_word' id='word_1_127' title='bbox 467 2141 557 2198; x_wconf 86' lang='lat' dir='ltr'>Nunt.</span> <span class='ocrx_word' id='word_1_128' title='bbox 937 2143 1042 2198; x_wconf 85' lang='lat' dir='ltr'>Pontus</span> <span class='ocrx_word' id='word_1_129' title='bbox 1063 2143 1093 2198; x_wconf 90' lang='lat' dir='ltr'>in</span> <span class='ocrx_word' id='word_1_130' title='bbox 1115 2145 1203 2199; x_wconf 79' lang='lat' dir='ltr'>terras</span> <span class='ocrx_word' id='word_1_131' title='bbox 1225 2145 1283 2200; x_wconf 88' lang='lat' dir='ltr'>ruit</span> 
     </span>
     <span class='ocr_line' id='line_1_17' title="bbox 580 2227 1403 2300; baseline 0.007 -18"><span class='ocrx_word' id='word_1_132' title='bbox 580 2227 720 2298; x_wconf 79' lang='lat' dir='ltr'>Suumque</span> <span class='ocrx_word' id='word_1_133' title='bbox 742 2232 897 2285; x_wconf 84' lang='lat' dir='ltr'>monstrum</span> <span class='ocrx_word' id='word_1_134' title='bbox 918 2233 1051 2300; x_wconf 90' lang='lat' dir='ltr'>sequitur.</span> <span class='ocrx_word' id='word_1_135' title='bbox 1097 2229 1132 2286; x_wconf 91' lang='lat' dir='ltr'>Os</span> <span class='ocrx_word' id='word_1_136' title='bbox 1155 2235 1269 2299; x_wconf 88' lang='lat' dir='ltr'>quassat</span> <span class='ocrx_word' id='word_1_137' title='bbox 1289 2233 1403 2288; x_wconf 85' lang='lat' dir='ltr'>tremor.</span> 
     </span>
     <span class='ocr_line' id='line_1_18' title="bbox 476 2312 1185 2387; baseline 0.006 -19"><span class='ocrx_word' id='word_1_138' title='bbox 476 2312 557 2372; x_wconf 81' lang='lat' dir='ltr'>Thes.</span> <span class='ocrx_word' id='word_1_139' title='bbox 580 2315 646 2382; x_wconf 82' lang='lat' dir='ltr'>Quis</span> <span class='ocrx_word' id='word_1_140' title='bbox 667 2315 781 2372; x_wconf 87' lang='lat' dir='ltr'>habitus</span> <span class='ocrx_word' id='word_1_141' title='bbox 802 2315 851 2372; x_wconf 88' lang='lat' dir='ltr'>ille</span> <span class='ocrx_word' id='word_1_142' title='bbox 874 2319 997 2387; x_wconf 83' lang='lat' dir='ltr'>corporis</span> <span class='ocrx_word' id='word_1_143' title='bbox 1018 2318 1091 2374; x_wconf 87' lang='lat' dir='ltr'>resti</span> <span class='ocrx_word' id='word_1_144' title='bbox 1111 2317 1185 2373; x_wconf 82' lang='lat' dir='ltr'>fuiti</span> 
     </span>
     <span class='ocr_line' id='line_1_19' title="bbox 1134 2405 1346 2461; baseline -0.005 0"><span class='ocrx_word' id='word_1_145' title='bbox 1134 2423 1162 2461; x_wconf 84' lang='lat' dir='ltr'>v.</span> <span class='ocrx_word' id='word_1_146' title='bbox 1189 2405 1346 2461; x_wconf 76' lang='lat' dir='ltr'>loce-4.</span> 
     </span>
    </p>
   </div>
   <div class='ocr_carea' id='block_1_4' title="bbox 338 2522 1596 4173">
    <p class='ocr_par' dir='ltr' id='par_1_4' title="bbox 338 2522 1596 3192">
     <span class='ocr_line' id='line_1_20' title="bbox 423 2522 1594 2606; baseline 0.006 -23"><span class='ocrx_word' id='word_1_147' title='bbox 423 2523 559 2586; x_wconf 87' lang='lat' dir='ltr'>Taurum</span> <span class='ocrx_word' id='word_1_148' title='bbox 592 2541 667 2586; x_wconf 86' lang='lat' dir='ltr'>vero</span> <span class='ocrx_word' id='word_1_149' title='bbox 700 2522 787 2586; x_wconf 93' lang='lat' dir='ltr'>illum</span> <span class='ocrx_word' id='word_1_150' title='bbox 821 2531 943 2600; x_wconf 87' lang='lat' dir='ltr'>nactus,</span> <span class='ocrx_word' id='word_1_151' title='bbox 969 2525 1056 2606; x_wconf 89' lang='lat' dir='ltr'>cujus</span> <span class='ocrx_word' id='word_1_152' title='bbox 1078 2525 1266 2590; x_wconf 90' lang='lat' dir='ltr'>varietatem</span> <span class='ocrx_word' id='word_1_153' title='bbox 1289 2527 1428 2590; x_wconf 87' lang='lat' dir='ltr'>colorum</span> <span class='ocrx_word' id='word_1_154' title='bbox 1451 2526 1530 2590; x_wconf 91' lang='lat' dir='ltr'>nihil</span> <span class='ocrx_word' id='word_1_155' title='bbox 1552 2527 1594 2590; x_wconf 85' lang='lat' dir='ltr'>ed</span> 
     </span>
     <span class='ocr_line' id='line_1_21' title="bbox 340 2624 1594 2707; baseline 0.003 -21"><span class='ocrx_word' id='word_1_156' title='bbox 340 2643 403 2686; x_wconf 86' lang='lat' dir='ltr'>rem</span> <span class='ocrx_word' id='word_1_157' title='bbox 436 2624 591 2704; x_wconf 89' lang='lat' dir='ltr'>pertinere</span> <span class='ocrx_word' id='word_1_158' title='bbox 623 2632 814 2706; x_wconf 82' lang='lat' dir='ltr'>putaverant</span> <span class='ocrx_word' id='word_1_159' title='bbox 843 2626 1014 2707; x_wconf 85' lang='lat' dir='ltr'>Euripides</span> <span class='ocrx_word' id='word_1_160' title='bbox 1037 2634 1069 2689; x_wconf 85' lang='lat' dir='ltr'>et</span> <span class='ocrx_word' id='word_1_161' title='bbox 1091 2626 1237 2703; x_wconf 82' lang='lat' dir='ltr'>Ovidius,</span> <span class='ocrx_word' id='word_1_162' title='bbox 1259 2627 1307 2692; x_wconf 90' lang='lat' dir='ltr'>its</span> <span class='ocrx_word' id='word_1_163' title='bbox 1330 2647 1435 2692; x_wconf 88' lang='lat' dir='ltr'>omnes</span> <span class='ocrx_word' id='word_1_164' title='bbox 1458 2628 1594 2691; x_wconf 88' lang='lat' dir='ltr'>orationi</span> 
     </span>
     <span class='ocr_line' id='line_1_22' title="bbox 339 2725 1594 2812; baseline 0.005 -26"><span class='ocrx_word' id='word_1_165' title='bbox 339 2725 479 2786; x_wconf 82' lang='lat' dir='ltr'>bubones</span> <span class='ocrx_word' id='word_1_166' title='bbox 513 2725 679 2806; x_wconf 89' lang='lat' dir='ltr'>permittit,</span> <span class='ocrx_word' id='word_1_167' title='bbox 711 2734 825 2789; x_wconf 91' lang='lat' dir='ltr'>utnon</span> <span class='ocrx_word' id='word_1_168' title='bbox 849 2725 952 2789; x_wconf 89' lang='lat' dir='ltr'>minus</span> <span class='ocrx_word' id='word_1_169' title='bbox 975 2745 1114 2809; x_wconf 86' lang='lat' dir='ltr'>praeceps</span> <span class='ocrx_word' id='word_1_170' title='bbox 1137 2727 1309 2810; x_wconf 86' lang='lat' dir='ltr'>illaquam</span> <span class='ocrx_word' id='word_1_171' title='bbox 1333 2731 1403 2810; x_wconf 91' lang='lat' dir='ltr'>equi</span> <span class='ocrx_word' id='word_1_172' title='bbox 1425 2730 1594 2812; x_wconf 81' lang='lat' dir='ltr'>Hippolyti</span> 
     </span>
     <span class='ocr_line' id='line_1_23' title="bbox 340 2826 1595 2910; baseline 0.006 -25"><span class='ocrx_word' id='word_1_173' title='bbox 340 2826 470 2888; x_wconf 83' lang='lat' dir='ltr'>leuatur.</span> <span class='ocrx_word' id='word_1_174' title='bbox 515 2827 564 2888; x_wconf 90' lang='lat' dir='ltr'>Ac</span> <span class='ocrx_word' id='word_1_175' title='bbox 596 2845 635 2888; x_wconf 91' lang='lat' dir='ltr'>ne</span> <span class='ocrx_word' id='word_1_176' title='bbox 668 2827 805 2890; x_wconf 84' lang='lat' dir='ltr'>foeditas</span> <span class='ocrx_word' id='word_1_177' title='bbox 838 2828 894 2890; x_wconf 88' lang='lat' dir='ltr'>ills</span> <span class='ocrx_word' id='word_1_178' title='bbox 915 2828 1103 2909; x_wconf 86' lang='lat' dir='ltr'>requiratur,</span> <span class='ocrx_word' id='word_1_179' title='bbox 1127 2847 1188 2910; x_wconf 89' lang='lat' dir='ltr'>quc</span> <span class='ocrx_word' id='word_1_180' title='bbox 1210 2829 1339 2894; x_wconf 89' lang='lat' dir='ltr'>mirifice</span> <span class='ocrx_word' id='word_1_181' title='bbox 1363 2830 1512 2894; x_wconf 74' lang='lat' dir='ltr'>delectari</span> <span class='ocrx_word' id='word_1_182' title='bbox 1534 2831 1595 2895; x_wconf 91' lang='lat' dir='ltr'>Se-</span> 
     </span>
     <span class='ocr_line' id='line_1_24' title="bbox 340 2925 1595 3012; baseline 0.005 -24"><span class='ocrx_word' id='word_1_183' title='bbox 340 2945 449 2988; x_wconf 88' lang='lat' dir='ltr'>necam</span> <span class='ocrx_word' id='word_1_184' title='bbox 471 2925 619 3000; x_wconf 86' lang='lat' dir='ltr'>diximus,</span> <span class='ocrx_word' id='word_1_185' title='bbox 641 2927 814 3002; x_wconf 83' lang='lat' dir='ltr'>videamus,</span> <span class='ocrx_word' id='word_1_186' title='bbox 838 2949 930 3012; x_wconf 88' lang='lat' dir='ltr'>quam</span> <span class='ocrx_word' id='word_1_187' title='bbox 953 2929 1094 2992; x_wconf 89' lang='lat' dir='ltr'>studiose</span> <span class='ocrx_word' id='word_1_188' title='bbox 1117 2930 1183 3003; x_wconf 88' lang='lat' dir='ltr'>illa,</span> <span class='ocrx_word' id='word_1_189' title='bbox 1207 2951 1274 3012; x_wconf 87' lang='lat' dir='ltr'>quae</span> <span class='ocrx_word' id='word_1_190' title='bbox 1297 2931 1431 2996; x_wconf 88' lang='lat' dir='ltr'>Ovidius</span> <span class='ocrx_word' id='word_1_191' title='bbox 1454 2933 1492 2994; x_wconf 90' lang='lat' dir='ltr'>de</span> <span class='ocrx_word' id='word_1_192' title='bbox 1509 2933 1595 2994; x_wconf 89' lang='lat' dir='ltr'>leoe-</span> 
     </span>
     <span class='ocr_line' id='line_1_25' title="bbox 340 3027 1596 3114; baseline 0.006 -26"><span class='ocrx_word' id='word_1_193' title='bbox 340 3027 464 3089; x_wconf 86' lang='lat' dir='ltr'>ratione</span> <span class='ocrx_word' id='word_1_194' title='bbox 487 3028 627 3109; x_wconf 87' lang='lat' dir='ltr'>corporis</span> <span class='ocrx_word' id='word_1_195' title='bbox 650 3029 818 3114; x_wconf 79' lang='lat' dir='ltr'>Hippolyti</span> <span class='ocrx_word' id='word_1_196' title='bbox 842 3029 928 3106; x_wconf 86' lang='lat' dir='ltr'>dicit,</span> <span class='ocrx_word' id='word_1_197' title='bbox 951 3029 1150 3113; x_wconf 84' lang='lat' dir='ltr'>expingendo</span> <span class='ocrx_word' id='word_1_198' title='bbox 1168 3031 1367 3097; x_wconf 77' lang='lat' dir='ltr'>dilataverit:</span> <span class='ocrx_word' id='word_1_199' title='bbox 1391 3032 1596 3098; x_wconf 87' lang='lat' dir='ltr'>Ovidiienim</span> 
     </span>
     <span class='ocr_line' id='line_1_26' title="bbox 338 3128 514 3192; baseline 0.011 -2"><span class='ocrx_word' id='word_1_200' title='bbox 338 3128 405 3191; x_wconf 82' lang='lat' dir='ltr'>haec</span> <span class='ocrx_word' id='word_1_201' title='bbox 426 3136 514 3192; x_wconf 89' lang='lat' dir='ltr'>sunt:</span> 
     </span>
    </p>

    <p class='ocr_par' dir='ltr' id='par_1_5' title="bbox 339 3229 1438 4173">
     <span class='ocr_line' id='line_1_27' title="bbox 580 3229 1283 3302; baseline 0.006 -18"><span class='ocrx_word' id='word_1_202' title='bbox 580 3229 713 3286; x_wconf 85' lang='lat' dir='ltr'>Excutior</span> <span class='ocrx_word' id='word_1_203' title='bbox 735 3247 827 3286; x_wconf 87' lang='lat' dir='ltr'>curru.</span> <span class='ocrx_word' id='word_1_204' title='bbox 871 3231 1002 3302; x_wconf 75' lang='lat' dir='ltr'>horisque</span> <span class='ocrx_word' id='word_1_205' title='bbox 1023 3233 1183 3288; x_wconf 87' lang='lat' dir='ltr'>tenentibus</span> <span class='ocrx_word' id='word_1_206' title='bbox 1205 3235 1283 3288; x_wconf 74' lang='lat' dir='ltr'>entius</span> 
     </span>
     <span class='ocr_line' id='line_1_28' title="bbox 580 3318 1290 3390; baseline 0.003 -18"><span class='ocrx_word' id='word_1_207' title='bbox 580 3318 694 3374; x_wconf 77' lang='lat' dir='ltr'>Viscera</span> <span class='ocrx_word' id='word_1_208' title='bbox 715 3319 782 3374; x_wconf 84' lang='lat' dir='ltr'>viva</span> <span class='ocrx_word' id='word_1_209' title='bbox 803 3318 890 3384; x_wconf 84' lang='lat' dir='ltr'>trahi,</span> <span class='ocrx_word' id='word_1_210' title='bbox 912 3337 1011 3374; x_wconf 88' lang='lat' dir='ltr'>nervos</span> <span class='ocrx_word' id='word_1_211' title='bbox 1032 3321 1062 3374; x_wconf 92' lang='lat' dir='ltr'>in</span> <span class='ocrx_word' id='word_1_212' title='bbox 1084 3319 1171 3390; x_wconf 87' lang='lat' dir='ltr'>stirpe</span> <span class='ocrx_word' id='word_1_213' title='bbox 1192 3321 1290 3386; x_wconf 80' lang='lat' dir='ltr'>teneri,</span> 
     </span>
     <span class='ocr_line' id='line_1_29' title="bbox 581 3405 1405 3478; baseline 0.002 -18"><span class='ocrx_word' id='word_1_214' title='bbox 581 3405 707 3460; x_wconf 84' lang='lat' dir='ltr'>Membra</span> <span class='ocrx_word' id='word_1_215' title='bbox 728 3406 791 3476; x_wconf 85' lang='lat' dir='ltr'>rupi</span> <span class='ocrx_word' id='word_1_216' title='bbox 813 3407 918 3476; x_wconf 83' lang='lat' dir='ltr'>partim</span> <span class='ocrx_word' id='word_1_217' title='bbox 940 3407 1101 3478; x_wconf 78' lang='lat' dir='ltr'>partimque</span> <span class='ocrx_word' id='word_1_218' title='bbox 1122 3424 1254 3477; x_wconf 82' lang='lat' dir='ltr'>reprensa</span> <span class='ocrx_word' id='word_1_219' title='bbox 1275 3406 1405 3476; x_wconf 86' lang='lat' dir='ltr'>relinqui,</span> 
     </span>
     <span class='ocr_line' id='line_1_30' title="bbox 580 3492 1420 3564; baseline 0.001 -17"><span class='ocrx_word' id='word_1_220' title='bbox 580 3492 647 3548; x_wconf 87' lang='lat' dir='ltr'>Ossa</span> <span class='ocrx_word' id='word_1_221' title='bbox 669 3509 784 3564; x_wconf 85' lang='lat' dir='ltr'>gravem</span> <span class='ocrx_word' id='word_1_222' title='bbox 806 3493 872 3548; x_wconf 81' lang='lat' dir='ltr'>dere</span> <span class='ocrx_word' id='word_1_223' title='bbox 893 3493 984 3549; x_wconf 83' lang='lat' dir='ltr'>inacta</span> <span class='ocrx_word' id='word_1_224' title='bbox 1006 3511 1113 3559; x_wconf 90' lang='lat' dir='ltr'>sonum,</span> <span class='ocrx_word' id='word_1_225' title='bbox 1137 3494 1292 3564; x_wconf 86' lang='lat' dir='ltr'>fessamque</span> <span class='ocrx_word' id='word_1_226' title='bbox 1313 3493 1420 3550; x_wconf 87' lang='lat' dir='ltr'>videres</span> 
     </span>
     <span class='ocr_line' id='line_1_31' title="bbox 579 3579 1356 3651; baseline 0.003 -18"><span class='ocrx_word' id='word_1_227' title='bbox 579 3579 714 3634; x_wconf 83' lang='lat' dir='ltr'>Exhaleri</span> <span class='ocrx_word' id='word_1_228' title='bbox 736 3579 869 3644; x_wconf 83' lang='lat' dir='ltr'>animam,</span> <span class='ocrx_word' id='word_1_229' title='bbox 893 3581 1039 3650; x_wconf 87' lang='lat' dir='ltr'>nullasque</span> <span class='ocrx_word' id='word_1_230' title='bbox 1061 3581 1092 3636; x_wconf 92' lang='lat' dir='ltr'>in</span> <span class='ocrx_word' id='word_1_231' title='bbox 1114 3597 1229 3651; x_wconf 89' lang='lat' dir='ltr'>corpore</span> <span class='ocrx_word' id='word_1_232' title='bbox 1251 3583 1356 3651; x_wconf 78' lang='lat' dir='ltr'>partes,</span> 
     </span>
     <span class='ocr_line' id='line_1_32' title="bbox 580 3665 1436 3739; baseline 0.005 -19"><span class='ocrx_word' id='word_1_233' title='bbox 580 3665 701 3723; x_wconf 87' lang='lat' dir='ltr'>Noscere</span> <span class='ocrx_word' id='word_1_234' title='bbox 724 3683 793 3737; x_wconf 88' lang='lat' dir='ltr'>quas</span> <span class='ocrx_word' id='word_1_235' title='bbox 814 3683 915 3738; x_wconf 90' lang='lat' dir='ltr'>posses.</span> <span class='ocrx_word' id='word_1_236' title='bbox 959 3669 1107 3739; x_wconf 89' lang='lat' dir='ltr'>Unumque</span> <span class='ocrx_word' id='word_1_237' title='bbox 1128 3670 1189 3723; x_wconf 89' lang='lat' dir='ltr'>erat</span> <span class='ocrx_word' id='word_1_238' title='bbox 1211 3667 1305 3724; x_wconf 83' lang='lat' dir='ltr'>omnis</span> <span class='ocrx_word' id='word_1_239' title='bbox 1326 3668 1436 3724; x_wconf 85' lang='lat' dir='ltr'>vulnus.</span> 
     </span>
     <span class='ocr_line' id='line_1_33' title="bbox 1131 3753 1438 3822; baseline 0.007 -12"><span class='ocrx_word' id='word_1_240' title='bbox 1131 3755 1199 3812; x_wconf 78' lang='lat' dir='ltr'>Mer.</span> <span class='ocrx_word' id='word_1_241' title='bbox 1222 3753 1283 3822; x_wconf 86' lang='lat' dir='ltr'>XV,</span> <span class='ocrx_word' id='word_1_242' title='bbox 1302 3755 1438 3812; x_wconf 80' lang='lat'><strong>524-9.</strong></span> 
     </span>
     <span class='ocr_line' id='line_1_34' title="bbox 339 3841 1035 3908; baseline -0.007 0"><span class='ocrx_word' id='word_1_243' title='bbox 339 3843 462 3908; x_wconf 82' lang='lat' dir='ltr'>Seneca</span> <span class='ocrx_word' id='word_1_244' title='bbox 483 3841 547 3904; x_wconf 88' lang='lat' dir='ltr'>ita:</span> <span class='ocrx_word' id='word_1_245' title='bbox 1030 3848 1035 3865; x_wconf 81' lang='lat'><em>&#39;</em></span> 
     </span>
     <span class='ocr_line' id='line_1_35' title="bbox 580 3937 1208 4013; baseline 0.006 -19"><span class='ocrx_word' id='word_1_246' title='bbox 580 3937 706 4010; x_wconf 82' lang='lat' dir='ltr'>Prssoeps</span> <span class='ocrx_word' id='word_1_247' title='bbox 726 3940 756 3994; x_wconf 91' lang='lat' dir='ltr'>in</span> <span class='ocrx_word' id='word_1_248' title='bbox 778 3957 828 3997; x_wconf 87' lang='lat' dir='ltr'>ora</span> <span class='ocrx_word' id='word_1_249' title='bbox 848 3941 923 3998; x_wconf 78' lang='lat' dir='ltr'>tirsus</span> <span class='ocrx_word' id='word_1_250' title='bbox 944 3941 1085 4013; x_wconf 79' lang='lat' dir='ltr'>implicuit</span> <span class='ocrx_word' id='word_1_251' title='bbox 1106 3942 1208 3998; x_wconf 75' lang='lat' dir='ltr'>cadem</span> 
     </span>
     <span class='ocr_line' id='line_1_36' title="bbox 580 4027 936 4101; baseline 0 -17"><span class='ocrx_word' id='word_1_252' title='bbox 580 4027 691 4098; x_wconf 83' lang='lat' dir='ltr'>Laqueo</span> <span class='ocrx_word' id='word_1_253' title='bbox 713 4027 807 4084; x_wconf 84' lang='lat' dir='ltr'>tenaci</span> <span class='ocrx_word' id='word_1_254' title='bbox 828 4046 936 4101; x_wconf 89' lang='lat' dir='ltr'>corpus.</span> 
     </span>
     <span class='ocr_line' id='line_1_37' title="bbox 1133 4116 1345 4173; baseline 0.014 -3"><span class='ocrx_word' id='word_1_255' title='bbox 1133 4133 1160 4170; x_wconf 82' lang='lat' dir='ltr'>v.</span> <span class='ocrx_word' id='word_1_256' title='bbox 1187 4116 1345 4173; x_wconf 77' lang='lat' dir='ltr'>leel—s.</span> 
     </span>
    </p>
   </div>
   <div class='ocr_carea' id='block_1_5' title="bbox 580 4235 1273 4741">
    <p class='ocr_par' dir='ltr' id='par_1_6' title="bbox 580 4235 1273 4741">
     <span class='ocr_line' id='line_1_38' title="bbox 580 4235 1186 4304; baseline 0.002 -14"><span class='ocrx_word' id='word_1_257' title='bbox 580 4235 649 4292; x_wconf 84' lang='lat' dir='ltr'>Late</span> <span class='ocrx_word' id='word_1_258' title='bbox 671 4238 801 4294; x_wconf 86' lang='lat' dir='ltr'>cruentat</span> <span class='ocrx_word' id='word_1_259' title='bbox 822 4251 892 4292; x_wconf 84' lang='lat' dir='ltr'>erra</span> <span class='ocrx_word' id='word_1_260' title='bbox 913 4238 942 4291; x_wconf 92' lang='lat' dir='ltr'>et</span> <span class='ocrx_word' id='word_1_261' title='bbox 963 4235 1077 4290; x_wconf 84' lang='lat' dir='ltr'>inlisum</span> <span class='ocrx_word' id='word_1_262' title='bbox 1099 4237 1186 4304; x_wconf 88' lang='lat' dir='ltr'>caput</span> 
     </span>
     <span class='ocr_line' id='line_1_39' title="bbox 580 4321 1252 4394; baseline 0.003 -16"><span class='ocrx_word' id='word_1_263' title='bbox 580 4322 706 4394; x_wconf 84' lang='lat' dir='ltr'>Scopulis</span> <span class='ocrx_word' id='word_1_264' title='bbox 727 4322 855 4379; x_wconf 82' lang='lat' dir='ltr'>resultat.</span> <span class='ocrx_word' id='word_1_265' title='bbox 899 4322 1037 4378; x_wconf 79' lang='lat' dir='ltr'>Auierunt</span> <span class='ocrx_word' id='word_1_266' title='bbox 1058 4321 1136 4376; x_wconf 89' lang='lat' dir='ltr'>dumi</span> <span class='ocrx_word' id='word_1_267' title='bbox 1157 4339 1252 4380; x_wconf 59' lang='lat' dir='ltr'>comm</span> 
     </span>
     <span class='ocr_line' id='line_1_40' title="bbox 582 4409 1215 4480; baseline 0 -16"><span class='ocrx_word' id='word_1_268' title='bbox 582 4411 618 4466; x_wconf 86' lang='lat' dir='ltr'>Et</span> <span class='ocrx_word' id='word_1_269' title='bbox 640 4427 691 4466; x_wconf 87' lang='lat' dir='ltr'>cra</span> <span class='ocrx_word' id='word_1_270' title='bbox 712 4409 796 4464; x_wconf 87' lang='lat' dir='ltr'>durus</span> <span class='ocrx_word' id='word_1_271' title='bbox 817 4410 937 4480; x_wconf 84' lang='lat' dir='ltr'>pulchre</span> <span class='ocrx_word' id='word_1_272' title='bbox 958 4409 1112 4480; x_wconf 86' lang='lat' dir='ltr'>populetur</span> <span class='ocrx_word' id='word_1_273' title='bbox 1134 4409 1215 4480; x_wconf 87' lang='lat' dir='ltr'>lepis.</span> 
     </span>
     <span class='ocr_line' id='line_1_41' title="bbox 581 4485 1273 4566; baseline 0 -14"><span class='ocrx_word' id='word_1_274' title='bbox 581 4495 747 4552; x_wconf 86' lang='lat' dir='ltr'>Moribunda</span> <span class='ocrx_word' id='word_1_275' title='bbox 769 4496 870 4552; x_wconf 88' lang='lat' dir='ltr'>celeres</span> <span class='ocrx_word' id='word_1_276' title='bbox 891 4496 1017 4552; x_wconf 85' lang='lat' dir='ltr'>membra</span> <span class='ocrx_word' id='word_1_277' title='bbox 1038 4495 1207 4566; x_wconf 86' lang='lat' dir='ltr'>provolvunt</span> <span class='ocrx_word' id='word_1_278' title='bbox 1228 4485 1273 4553; x_wconf 76' lang='lat' dir='ltr'>roi</span> 
     </span>
     <span class='ocr_line' id='line_1_42' title="bbox 580 4582 1192 4653; baseline 0 -15"><span class='ocrx_word' id='word_1_279' title='bbox 580 4583 712 4653; x_wconf 85' lang='lat' dir='ltr'>Peritque</span> <span class='ocrx_word' id='word_1_280' title='bbox 733 4584 824 4640; x_wconf 90' lang='lat' dir='ltr'>multo</span> <span class='ocrx_word' id='word_1_281' title='bbox 845 4583 959 4640; x_wconf 74' lang='lat' dir='ltr'>uulnere</span> <span class='ocrx_word' id='word_1_282' title='bbox 981 4582 1079 4638; x_wconf 85' lang='lat' dir='ltr'>infelix</span> <span class='ocrx_word' id='word_1_283' title='bbox 1101 4583 1192 4638; x_wconf 89' lang='lat' dir='ltr'>decor.</span> 
     </span>
     <span class='ocr_line' id='line_1_43' title="bbox 581 4667 1269 4741; baseline 0 -17"><span class='ocrx_word' id='word_1_284' title='bbox 581 4669 760 4741; x_wconf 78' lang='lat' dir='ltr'>Tandemque</span> <span class='ocrx_word' id='word_1_285' title='bbox 781 4672 895 4740; x_wconf 84' lang='lat' dir='ltr'>ruptum</span> <span class='ocrx_word' id='word_1_286' title='bbox 915 4673 1031 4726; x_wconf 85' lang='lat' dir='ltr'>truncus</span> <span class='ocrx_word' id='word_1_287' title='bbox 1052 4669 1181 4726; x_wconf 82' lang='lat' dir='ltr'>ambusta</span> <span class='ocrx_word' id='word_1_288' title='bbox 1202 4667 1269 4724; x_wconf 86' lang='lat' dir='ltr'>sude</span> 
     </span>
    </p>
   </div>
   <div class='ocr_carea' id='block_1_6' title="bbox 580 4757 1232 4838">
    <p class='ocr_par' dir='ltr' id='par_1_7' title="bbox 580 4757 1232 4838">
     <span class='ocr_line' id='line_1_44' title="bbox 580 4757 1232 4838; baseline -0.005 -21"><span class='ocrx_word' id='word_1_289' title='bbox 580 4757 703 4817; x_wconf 72' lang='lat' dir='ltr'>usuum</span> <span class='ocrx_word' id='word_1_290' title='bbox 725 4771 776 4835; x_wconf 86' lang='lat' dir='ltr'>per</span> <span class='ocrx_word' id='word_1_291' title='bbox 796 4759 900 4838; x_wconf 85' lang='lat' dir='ltr'>inguen</span> <span class='ocrx_word' id='word_1_292' title='bbox 921 4757 1019 4832; x_wconf 85' lang='lat' dir='ltr'>stipite</span> <span class='ocrx_word' id='word_1_293' title='bbox 1040 4760 1133 4815; x_wconf 82' lang='lat' dir='ltr'>erecto</span> <span class='ocrx_word' id='word_1_294' title='bbox 1153 4759 1232 4814; x_wconf 78' lang='lat' dir='ltr'>senes</span> 
     </span>
    </p>
   </div>
   <div class='ocr_carea' id='block_1_7' title="bbox 0 0 1782 5406">
    <p class='ocr_par' dir='ltr' id='par_1_8' title="bbox 0 0 1782 5406">
     <span class='ocr_line' id='line_1_45' title="bbox 0 0 1782 5406; baseline 0 0"><span class='ocrx_word' id='word_1_295' title='bbox 0 0 1782 5406; x_wconf 95' lang='lat' dir='ltr'> </span> 
     </span>
    </p>
   </div>
  </div>
 </body>
</html>
