3554 5406
556 508 597 563 lle
619 507 649 564 L.
672 508 771 566 Annei
793 507 902 564 Senem
923 507 1094 578 ‘l'rngoediia
1418 507 1456 564 47

202 685 266 740 tem
299 676 452 752 videmus,
485 677 637 762 intelligo,
670 680 731 744 nisi
765 680 836 761 quis
869 680 976 744 lasum
1000 698 1034 742 se
1057 697 1125 740 esse
1148 675 1337 752 arbitratum
1360 697 1458 760 nequa

204 779 256 862 qui
289 777 365 843 lasa
397 779 458 842 sibi
492 780 594 844 videri
627 782 783 864 potuisset
815 801 905 863 aqua
937 779 1113 861 prasertim
1135 785 1168 841 et
1189 778 1314 859 sapiens
1337 779 1459 854 mulier,

202 899 281 962 qnae,
313 881 342 942 si
375 888 430 943 aut
462 879 627 946 honestum
661 883 784 965 aliquid
805 883 838 944 in
861 881 1058 964 repudianda
1079 899 1149 944 sese
1171 887 1228 941 aut
1250 880 1459 944 necessarium

202 981 253 1044 rir
274 989 400 1044 secutus
423 991 516 1057 esset,
538 985 675 1064 quietem
697 1005 732 1047 se
754 993 895 1048 acturam
908 984 1005 1046 fuisse
1020 990 1165 1056 testator,
1178 980 1239 1044 nisi
1253 999 1459 1062 reveregra-

201 1101 271 1146 rem
294 1090 327 1144 et
347 1091 484 1146 atrocem
508 1083 653 1164 injuriam
675 1085 864 1168 accepissem
888 1103 945 1148 neo
967 1103 1053 1158 vero,
1076 1103 1096 1146 a
1118 1102 1178 1164 quo
1199 1081 1356 1164 proficisci
1372 1083 1459 1164 ejus-

201 1183 286 1248 modi
319 1183 436 1264 injuria
468 1186 633 1266 potuisset,
666 1186 761 1250 alium
784 1205 968 1269 quemquam
993 1185 1126 1267 reperio,
1149 1203 1241 1266 quam
1264 1183 1317 1265 qni
1340 1204 1458 1248 momm

200 1285 361 1366 pravitate
384 1295 416 1348 ot
435 1285 634 1366 turpitudine
657 1298 741 1352 esset
762 1288 906 1369 insignis.

282 1387 353 1450 Hoc
384 1385 483 1468 igitur
505 1387 577 1451 odio
600 1398 666 1452 tem
689 1389 789 1471 gravi,
812 1404 876 1452 cam
896 1390 984 1469 justo
1007 1395 1165 1450 commota
1186 1386 1359 1450 ulciscendi
1382 1406 1458 1451 oon-

200 1486 308 1550 silium
342 1489 445 1570 capit3
478 1489 511 1550 in
545 1509 604 1570 quo
637 1491 774 1572 primum
804 1490 929 1573 quidem
952 1489 1031 1552 nihil
1053 1489 1123 1569 ipsa
1146 1489 1183 1552 de
1207 1487 1314 1551 liberis
1337 1496 1458 1570 aperte,

199 1589 346 1652 Iasonem
378 1591 593 1654 tantummodo
628 1600 660 1653 et
681 1592 849 1656 Creontem
871 1599 1025 1654 ettotam
1049 1590 1117 1669 ejus
1140 1590 1265 1654 domum
1288 1609 1459 1671 perversu-

199 1708 267 1752 ram
289 1709 324 1754 ae
347 1709 416 1754 osse
438 1691 611 1756 minitetur.
654 1693 763 1756 Moliri
786 1702 892 1756 tamen
914 1693 978 1754 tale
1001 1691 1120 1772 aliquid
1145 1699 1177 1753 et
1194 1691 1382 1770 jamdudum
1406 1711 1458 1753 sa-

198 1809 269 1854 cnm
302 1792 374 1872 ipsa
406 1792 553 1856 meditari
584 1794 669 1856 haud
703 1795 832 1858 obscure
867 1793 1062 1874 significatur
1090 1791 1157 1872 jam
1190 1792 1262 1854 inde
1285 1793 1325 1855 ab
1348 1792 1459 1869 initio;

199 1911 294 1973 quum
316 1892 408 1956 modo
431 1894 545 1974 ipsam,
567 1895 703 1958 nondum
727 1896 831 1977 palam
849 1895 1046 1977 productam,
1068 1893 1185 1956 liberos
1208 1892 1458 1957 audimusexse-

198 2000 348 2068 orantem,
382 1995 473 2058 modo
506 1996 616 2058 nutrix
637 1996 764 2078 trepida
786 2005 818 2059 et
840 1996 995 2060 exterrita
1015 1996 1219 2078 pedagogum
1243 2002 1358 2069 monet,
1380 1995 1458 2058 sub-

199 2093 295 2158 ducet
326 2115 442 2177 pueros
476 2105 509 2160 et
540 2109 702 2160 removeat
737 2098 904 2180 diligenter
936 2119 955 2160 a
990 2099 1112 2160 furente
1144 2103 1261 2158 matre:
1285 2115 1341 2160 eas
1364 2115 1457 2159 voces

194 2195 329 2275 jactare,
352 2216 388 2261 eo
412 2197 500 2260 voltu
525 2217 579 2261 eos
601 2199 754 2278 aspicere,
776 2208 810 2264 ut
833 2199 1033 2262 vehementer
1059 2197 1459 2278 sitpertimescendum‚ne

198 2296 275 2378 quid
298 2299 468 2361 nefandum
491 2307 524 2362 et
545 2299 696 2364 horribile
720 2301 824 2364 animo
846 2300 965 2364 volvat.
1001 2300 1079 2363 Mox
1101 2298 1279 2366 veroillud
1301 2306 1456 2362 secretum

134 2401 137 2412 ¹
196 2406 231 2462 et
252 2399 404 2462 occultum
428 2400 543 2464 malum
567 2401 743 2484 detegitur;
775 2403 882 2485 palam
911 2411 943 2464 et
963 2409 1074 2482 aperte
1097 2400 1262 2482 profitetur
1284 2399 1400 2464 liberos
1422 2420 1458 2464 ee

198 2518 267 2562 ease
303 2499 572 2583 interempturam,
605 2511 640 2566 ut
663 2522 699 2567 eo
722 2503 830 2566 dolore
858 2503 998 2566 animum
1021 2502 1081 2565 viri
1104 2501 1289 2576 contundat3
1311 2501 1458 2584 adjungit

197 2600 294 2666 etiam
316 2600 406 2676 illud,
430 2603 522 2684 quale
544 2603 589 2666 sit
610 2604 732 2667 facinus
761 2613 794 2668 et
816 2612 970 2688 quantum
993 2603 1209 2678 commissura,
1230 2603 1326 2684 plone
1347 2621 1382 2665 se
1404 2603 1456 2666 in-

195 2702 339 2783 telligere
372 2723 410 2766 ac
431 2704 622 2787 perspicere,
644 2705 701 2768 sed
723 2706 818 2770 fixum
840 2706 903 2770 sibi
926 2725 963 2768 ac
985 2715 1105 2768 certum
1128 2724 1198 2766 esse
1222 2703 1328 2766 omnia
1349 2705 1455 2785 potius

196 2805 345 2884 perferre,
378 2824 471 2888 qnam
504 2815 539 2868 ut
570 2807 604 2868 in
637 2807 701 2870 suis
735 2808 872 2870 miseriis
894 2807 1023 2888 impune
1045 2807 1189 2870 latentur
1211 2805 1340 2868 inimici.
1383 2807 1457 2872 Non

195 2911 303 2968 mmen
336 2925 417 2970 caeca
439 2915 471 2970 et
492 2907 671 2989 improvida
693 2917 796 2972 mente
819 2909 861 2971 ad
882 2908 1093 2972 ulciscendum
1118 2909 1229 2970 fertur:
1253 2906 1457 2971 simulatione

196 3011 230 3068 et
250 3005 322 3070 dolo
347 3015 513 3088 grassatur
535 3029 633 3090 neque
655 3010 803 3090 supplicii
825 3017 947 3074 tantum
970 3009 1125 3084 sumendi,
1140 3010 1196 3072 sed
1211 3016 1286 3088 post
1299 3016 1455 3090 sumptum

195 3107 384 3188 supplicium
405 3109 545 3190 fugiendi
568 3111 723 3174 rationem
745 3111 816 3174 init.

278 3209 421 3272 Primum
443 3211 540 3292 igitur
561 3231 581 3274 a
603 3212 749 3288 Creonte,
771 3211 938 3276 utstatim
962 3231 978 3272 e
1000 3211 1117 3275 finibus
1140 3210 1375 3276 Corinthiorum
1398 3231 1456 3276 ex·

196 3307 298 3384 cedat,
330 3331 388 3393 pro
421 3311 558 3392 imperio
587 3313 730 3393 jubente,
754 3313 844 3378 onius
868 3313 930 3376 sibi
953 3313 1016 3376 diei
1039 3313 1179 3395 spatium
1201 3312 1359 3375 simulatis
1381 3333 1457 3396 pre·

195 3410 282 3474 cibus
305 3419 482 3495 extorquet.
525 3413 688 3486 Quaerenti
711 3410 815 3478 autem
840 3434 933 3497 quom
956 3414 1093 3476 maxime
1116 3423 1149 3476 et
1170 3413 1341 3488 dubitanti,
1363 3415 1390 3476 si
1414 3433 1455 3478 ex

194 3512 356 3576 sententia
377 3514 541 3578 consilium
564 3517 765 3599 processerit,
787 3537 847 3598 qno
869 3515 997 3578 tandem
1021 3517 1125 3595 iugem
1142 3522 1318 3588 convertat,
1333 3517 1455 3596 AEgeus

195 3631 251 3676 rex
271 3612 515 3680 Atheniensium
538 3618 785 3681 commodissime
808 3617 1007 3698 supervenit;
1037 3636 1129 3698 quem
1152 3636 1208 3699 spe
1231 3615 1453 3680 beneficiorum

193 3713 333 3778 illectum
362 3716 580 3797 jusjurandum
614 3719 849 3782 sanctissimum
879 3717 983 3798 adigit
1003 3717 1036 3780 in
1057 3737 1148 3780 suam
1170 3719 1262 3780 fidem
1285 3719 1453 3800 profugam

195 3826 401 3897 exceptorum
425 3838 524 3900 neque
547 3819 683 3882 inimicis
706 3839 853 3902 umquam
877 3817 1076 3882 traditurum.
1110 3820 1161 3881 Ita
1183 3838 1293 3882 secura
1315 3819 1354 3882 de
1376 3839 1453 3900 per·

194 3916 291 3997 logio,
311 3919 467 3995 Iasonem,
489 3920 522 3982 in
546 3941 634 4003 qnam
659 3921 750 3984 modo
777 3920 993 3984 acerbissimis
1016 3919 1214 3982 contumeliis
1237 3920 1454 3996 eratinvecta,
1516 3911 1521 3922 ’

190 4016 258 4097 jam
291 4020 383 4101 quasi
416 4020 519 4086 animo
542 4030 665 4085 mutato
688 4023 729 4084 ed
751 4022 939 4104 colloquium
962 4021 1111 4092 arcessit:
1147 4021 1286 4084 ostendit
1308 4029 1372 4084 tom
1396 4020 1453 4084 de-

195 4137 288 4194 mum,
309 4121 490 4186 subsidente
513 4123 611 4186 animi
634 4126 767 4198 fervore,
789 4142 882 4205 qnam
905 4121 1054 4204 praeclare
1077 4123 1118 4184 ab
1139 4122 1193 4184 illo
1214 4121 1329 4186 sibino
1343 4121 1453 4186 liberis

194 4228 279 4284 esset
310 4223 496 4299 consultum,
529 4225 623 4305 plene
663 4225 784 4288 sentire
817 4233 849 4288 et
881 4241 1068 4306 agnoscere;
1099 4223 1161 4286 sibi
1185 4241 1308 4305 qnoque
1331 4243 1454 4304 aequum

193 4339 263 4384 esse
294 4321 425 4404 ignosci,
464 4325 493 4387 si
525 4326 601 4408 qnid
634 4325 666 4389 in
699 4345 769 4390 eum
806 4325 949 4389 muliebri
972 4325 1079 4389 dolore
1102 4333 1259 4388 commota
1284 4325 1453 4388 effodisset

193 4423 358 4499 acerbins;
381 4425 459 4488 illud
482 4445 574 4494 unum
598 4446 689 4492 orare
712 4434 808 4510 atque
832 4409 1068 4501 obsecrarene
1092 4445 1270 4488 communes
1285 4425 1403 4488 liberos
1419 4425 1452 4488 in

194 4523 323 4587 exilium
345 4528 488 4607 protrudi
510 4528 669 4610 patiatur3
697 4529 780 4611 quod
802 4549 863 4612 quo
897 4529 1023 4594 facilius
1057 4548 1077 4590 a
1099 4527 1244 4601 Creonte,
1266 4525 1299 4590 iu
1323 4545 1384 4608 quo
1407 4525 1453 4588 sit

193 4621 261 4703 ejus
282 4626 328 4690 rei
351 4635 504 4709 potestas,
526 4630 723 4712 impetretur,
745 4631 860 4695 babere
883 4631 915 4693 in
938 4630 1043 4695 animo
1065 4647 1180 4710 pueros
1203 4646 1271 4690 cnm
1294 4626 1386 4691 donis
1410 4626 1453 4691 ad

193 4723 344 4796 Creusam
376 4729 474 4794 liliam
507 4731 590 4816 regis
624 4731 760 4796 mittere.
804 4729 875 4804 Quo
901 4732 970 4796 loco
989 4732 1056 4814 jam
1078 4737 1144 4792 tum
1165 4727 1301 4791 cruciari
1324 4747 1395 4793 eam
1419 4735 1453 4792 et
