3554 5406
326 501 364 557 52
816 497 846 554 0.
869 497 901 554 Ε.
925 496 1096 556 Sandutrem.

406 671 548 734 Menenti
581 669 691 751 igitur·
710 669 837 744 nutrici,
867 667 1029 734 silentium
1062 667 1215 734 adhibent
1245 677 1279 734 et
1304 671 1483 738 cautionem
1504 685 1585 740 nere

324 781 432 855 aperte
456 781 487 833 et
508 791 645 853 praeceps
668 772 709 834 ad
732 770 944 835 ulciscendum
968 777 1049 846 ruet,
1071 769 1129 833 illa
1149 778 1275 835 eontra:

565 888 646 944 Levis
668 890 710 944 ese
731 888 811 944 dolor
833 886 882 958 qui
904 903 1003 958 eapere
1026 887 1171 943 eonsilium
1193 889 1288 958 potest

565 975 601 1032 Et
623 975 732 1045 elepere
753 992 819 1040 sese,
844 993 948 1048 magna
969 991 1026 1030 non
1047 974 1166 1046 latitant
1187 974 1273 1030 maia.

566 1061 646 1117 Libet
671 1062 711 1116 ire
734 1065 842 1118 eontra.
1000 1127 1003 1148 .

1117 1166 1144 1203 v.
1172 1148 1307 1222 liris-7.

323 1267 470 1330 Adflietae
493 1286 567 1331 vero
591 1267 692 1349 ipsius
715 1274 747 1331 et
769 1269 901 1332 desertae
923 1266 1116 1332 condicionis
1139 1268 1335 1332 admonenti:

566 1386 664 1441 Medea
686 1390 821 1457 superest,
844 1386 891 1441 hie
913 1402 990 1442 mare
1012 1389 1040 1442 et
1062 1389 1151 1441 terrae
1173 1385 1250 1441 vides

565 1473 734 1544 Ferrumque
756 1475 785 1530 et
807 1473 885 1546 ignes
907 1477 936 1530 et
958 1473 1022 1529 deos
1045 1475 1074 1529 et
1095 1472 1223 1528 fulmina.

1114 1579 1142 1616 v.
1169 1560 1303 1616 166-72

408 1715 598 1796 Supervenit
627 1717 717 1790 Creo,
750 1714 803 1798 qui
835 1714 888 1778 ubi
921 1715 954 1778 in
988 1714 1117 1778 exilium
1147 1735 1214 1778 eam
1238 1715 1347 1778 statim
1370 1715 1457 1778 abire
1476 1715 1582 1796 jussit,

324 1817 510 1880 inducuntur
543 1824 701 1898 perpetuae
734 1814 820 1879 illius
854 1823 885 1879 et
917 1815 1038 1880 Medeae
1072 1816 1242 1890 orationes,
1270 1836 1363 1900 quum
1386 1815 1439 1879 ille
1462 1815 1583 1879 seelera

325 1918 391 1997 ejus
425 1929 456 1980 et
483 1917 725 1991 immanitatem,
746 1917 812 1980 haee
835 1918 933 1980 multa
954 1937 1013 1981 sua
1035 1926 1068 1980 et
1089 1917 1243 2008 praeclara
1265 1918 1297 1982 in
1321 1917 1466 1982 Iasonem
1491 1919 1582 1982 Grae-

325 2019 466 2102 uiamque
489 2019 641 2080 beneficia
664 2017 868 2082 demonstrat.
901 2020 955 2083 Ad
977 2028 1151 2082 extremum
1174 2017 1260 2094 item,
1283 2028 1317 2082 ut
1340 2029 1389 2083 est
1409 2021 1492 2108 apud
1514 2021 1583 2084 Eu-

325 2121 468 2202 ripidem,
491 2119 629 2200 fugiendi
654 2119 790 2201 spatium
813 2119 908 2203 petit:

564 2219 618 2274 Per
639 2237 691 2290 ego
714 2221 872 2290 auspieates
893 2221 965 2292 regii
986 2220 1107 2280 thalami
1129 2223 1205 2278 tome

564 2307 617 2360 Per
639 2323 702 2376 spes
724 2306 834 2364 menas
855 2324 961 2378 perque
982 2324 1131 2380 regnorum
1154 2311 1243 2364 statue

564 2393 689 2449 Fortuna
711 2393 790 2450 varia
812 2395 897 2450 dubia
919 2411 988 2466 quos
1010 2395 1103 2466 agitat
1125 2393 1195 2459 viee,

565 2481 678 2536 Precor:
702 2480 815 2536 brevem
838 2482 941 2554 largire
963 2481 1083 2553 fugienti
1105 2499 1222 2546 moram,

564 2569 637 2622 Dum
659 2569 785 2622 extrema
807 2569 882 2624 natis
904 2571 995 2626 mater
1018 2568 1103 2640 infigo
1125 2568 1221 2624 oscula

565 2655 692 2710 Fortasse
714 2655 842 2713 moriens.

1117 2760 1144 2797 v.
1169 2741 1328 2798 285-90.

325 2858 385 2921 Die
420 2880 494 2921 vere
523 2859 577 2923 illo
601 2861 781 2942 impetrato,
804 2880 913 2924 rursus
935 2861 1155 2925 vehementius
1178 2882 1267 2944 paene
1291 2881 1383 2945 quem
1408 2863 1501 2924 modo
1524 2882 1582 2925 an-

325 2971 377 3022 tea
400 2961 489 3024 furit:

567 3063 630 3118 Non
651 3061 765 3134 rapidus
787 3063 876 3117 amnis
897 3082 953 3119 non
976 3065 1160 3135 procellosum
1182 3082 1259 3122 mare

565 3149 705 3206 Pontusve
727 3161 791 3206 noro
813 3168 900 3205 saevus
922 3154 971 3206 aui
994 3151 1036 3208 vis
1057 3151 1166 3224 ignium

566 3237 672 3308 Adjuta
693 3237 764 3293 flatu
786 3237 873 3306 possit
894 3237 1020 3293 inhibere
1041 3239 1179 3310 impetum

565 3325 680 3395 irasque
701 3328 827 3380 nostrae:
851 3327 975 3382 sternam
995 3329 1024 3382 et
1046 3329 1172 3382 eveniam
1193 3326 1296 3382 omnia.

1117 3433 1145 3469 v.
1170 3415 1328 3470 414-17.

920 3531 1016 3588 Faciet
1037 3532 1094 3598 hie,
1122 3531 1205 3590 faciei
1227 3533 1285 3588 dies

566 3617 644 3683 Quod
665 3617 759 3672 nullus
780 3631 913 3688 umquam
940 3621 1044 3675 taceat.
1090 3620 1226 3676 Invadam
1248 3621 1312 3676 dees

565 3705 601 3760 Et
623 3707 725 3762 aunem
747 3705 884 3775 quatiam.

1123 3811 1150 3848 v.
1175 3793 1333 3849 426—28.

325 3911 396 3974 Jem
420 3911 514 3974 Iason
537 3913 629 3974 adest
650 3911 736 3994 ipse;
758 3913 811 3995 qui
833 3913 881 3976 ita
902 3912 1079 3978 inducitur:

566 4029 588 4084 Ο
611 4030 681 4085 dura
703 4029 763 4086 fata
786 4047 893 4100 semper
915 4035 945 4087 et
966 4035 1069 4088 sortem
1091 4044 1219 4102 asperam

564 4115 633 4171 Cum
654 4117 734 4173 saevit
756 4120 785 4174 et
807 4135 871 4174 eum
893 4117 986 4188 parcit
1008 4119 1143 4188 eraque
1164 4119 1243 4176 mela

569 4204 699 4259 Remedia
721 4205 850 4274 quotiens
871 4205 981 4264 invenit
1002 4205 1082 4262 nobis
1104 4207 1171 4264 deus

564 4290 699 4368 Periculis
720 4292 827 4366 pejora.
871 4292 901 4350 Si
923 4293 1025 4350 vellem
1046 4293 1129 4348 fldem

564 4367 700 4434 Praestare
721 4379 829 4435 meritis
850 4381 989 4453 conjugis:
1013 4379 1070 4436 leto
1093 4379 1148 4436 fuit

520 4483 522 4491 ’
565 4465 657 4535 Caput
681 4465 870 4533 obterendum,
894 4469 918 4522 si
939 4467 1010 4523 mori
1031 4467 1149 4522 nollem:
1173 4467 1226 4522 fide

510 4583 511 4588 κ
563 4551 665 4608 Misero
687 4553 847 4610 carendum.
892 4551 957 4610 Nou
978 4556 1063 4610 timor
1084 4555 1154 4610 vicii
1175 4553 1257 4608 fidem

566 4639 619 4694 Sed
641 4639 752 4710 trepida
773 4640 878 4712 pietam
902 4641 1006 4714 quippe
1026 4644 1187 4712 sequeretur
1208 4657 1275 4696 neee

565 4726 661 4782 Proles
682 4731 838 4797 parentem.
