3554 5406
542 547 583 603 De
604 548 635 604 L.
659 548 758 605 Annei
780 548 889 606 Seneoee
912 547 1082 619 Tragoediis.
1404 548 1441 604 41

184 717 320 798 ignoret,
344 717 466 782 otiosus
488 718 558 800 ipse
580 727 613 782 et
633 739 760 782 cessans
786 721 860 782 deos
882 719 1033 801 implorat
1055 737 1171 793 omnes,
1193 725 1229 782 nt
1250 725 1335 782 terra
1355 719 1446 782 dehi-

184 827 292 882 scente
325 820 507 902 recipiatur,
538 829 575 882 ut
597 821 794 902 demergatur
817 822 856 883 ad
879 821 1009 894 inferos,
1030 827 1066 883 ut
1088 819 1321 884 acerbissimum
1345 821 1446 902 qnod-

164 937 246 1002 ·que
267 939 384 996 eornm,
407 941 474 1004 quae
498 921 537 983 ab
559 921 667 1004 impiis
689 921 734 984 ibi
756 929 929 996 sumantur,
951 921 1177 1003 suppliciorum
1200 921 1367 1003 suscipiat3
1390 941 1445 985 es·

185 1039 318 1103 rumque
351 1041 454 1085 rernm
487 1023 540 1086 ubi
574 1023 661 1086 nulls
695 1023 840 1086 nimirum
873 1023 1070 1104 impetratur,
1102 1028 1167 1084 tum
1189 1041 1276 1096 vero,
1299 1023 1383 1105 quod
1406 1043 1445 1086 ne

184 1121 240 1184 ille
263 1121 390 1204 quidem
414 1124 500 1205 apud
522 1123 707 1206 Euripidem
729 1123 805 1187 iecit
826 1124 977 1198 Theseus,
1000 1142 1090 1205 quem
1112 1130 1219 1186 temen
1241 1142 1302 1186 nou
1324 1143 1381 1186 sua
1396 1133 1446 1188 te-

186 1223 327 1297 meritas,
351 1224 406 1286 sed
430 1244 517 1288 error
539 1244 626 1307 paeue
650 1225 758 1288 fatalis
782 1224 950 1308 oppressit,
972 1225 1005 1286 id
1028 1224 1079 1287 hic
1101 1225 1189 1300 iecit,
1210 1232 1245 1287 ut
1267 1224 1342 1288 deos
1357 1225 1445 1308 ipsos

184 1324 332 1388 nefandis
354 1325 487 1388 vocibus
509 1326 670 1408 objurget:

780 1427 845 1484 Non
866 1430 980 1485 movent
1001 1427 1079 1483 diros
1099 1441 1203 1497 preces.

427 1514 465 1570 st
487 1513 511 1568 si
531 1529 662 1586 rogarem
683 1515 799 1580 scelera,
824 1532 911 1585 qnam
932 1515 1014 1586 proni
1036 1515 1138 1572 forent.

978 1621 1006 1659 v.
1032 1601 1189 1656 1251-2.

182 1720 259 1784 Jem
281 1739 357 1784 vero
378 1740 418 1783 ne
439 1720 594 1784 foeditate
617 1719 683 1796 ille,
706 1739 800 1803 quem
824 1721 915 1784 modo
930 1720 964 1784 in
980 1721 1160 1784 narratione
1174 1719 1444 1803 deprehendimus,

183 1821 216 1884 in
240 1828 426 1904 perpetuum
449 1822 588 1886 defuncti
617 1841 686 1885 esse
709 1821 883 1898 videamur,
911 1842 949 1885 eu
970 1822 1084 1886 iisdem
1106 1823 1179 1886 istis
1201 1841 1308 1886 rursus
1331 1821 1445 1886 obtun-

184 1921 305 1986 dimnr:

324 2021 405 2078 Thes.
429 2021 492 2076 Huc
513 2023 568 2078 huc
589 2023 723 2094 reliquias
744 2023 838 2080 vehite
861 2024 920 2080 cari
941 2024 1063 2094 corporis

426 2108 593 2180 Pondusque
615 2113 644 2167 et
667 2112 745 2166 artus
766 2114 872 2168 temere
894 2114 1040 2184 congestos
1062 2111 1137 2166 date.

978 2218 1006 2256 v.
1033 2199 1189 2254 1256-7.

426 2314 617 2386 complectere
638 2319 717 2374 artus
738 2317 868 2388 quodque
889 2317 924 2372 de
946 2321 1034 2390 gnato
1055 2321 1098 2376 est
1119 2335 1202 2388 super

426 2403 582 2459 Miserande
604 2408 700 2462 mesto
722 2408 835 2474 pectore
856 2406 1019 2462 incumbens
1040 2406 1112 2463 iove.

426 2489 551 2562 Disjeota
572 2492 683 2562 genitor
704 2492 830 2547 membra
851 2492 938 2548 laceri
959 2494 1082 2564 corporis

425 2575 459 2631 In
480 2577 605 2633 ordinem
627 2579 743 2650 dispone
765 2582 793 2635 et
815 2583 939 2636 errantes
960 2580 1021 2636 loco

425 2663 553 2720 Restitue
574 2667 679 2736 partes.

979 2773 1007 2810 v.
1033 2753 1190 2810 1263-7.

426 2873 532 2929 Durate
553 2873 671 2942 trepide
692 2872 805 2944 lugubri
828 2874 918 2930 oifioio
941 2891 1040 2929 menne

426 2959 577 3031 Pietasque
597 2960 692 3032 lergos
713 2960 812 3028 sistite,
837 2963 947 3017 arentes
969 2978 1057 3034 gente,

426 3048 500 3104 Dum
520 3047 646 3104 membra
667 3049 735 3104 neto
757 3049 868 3119 genitor
890 3049 1057 3104 ednumeret
1078 3063 1136 3104 suo.
1168 3135 1185 3188 3

986 3155 1014 3192 v.
1040 3135 1160 3192 1271-
1189 3174 1197 3189 .

428 3249 471 3305 En
493 3251 553 3308 haec
575 3270 705 3324 suprema
727 3253 801 3311 dona
821 3255 956 3327 genitoris
979 3273 1048 3328 cape

430 3337 509 3409 Seps
529 3339 694 3398 offerendus.

980 3447 1008 3484 v.
1034 3427 1191 3484 1282-3.

186 3527 343 3594 Extremo
366 3529 433 3592 loco
456 3527 599 3595 Phaedree
620 3551 746 3613 gravem
769 3540 886 3596 terrem
909 3531 1109 3613 imprecetur.

269 3663 314 3727 Et
335 3664 483 3745 qnoniam
506 3667 664 3748 explicata
683 3668 750 3749 jem
772 3667 863 3730 nobis
884 3673 954 3730 tots
976 3666 1101 3731 Senecae
1123 3665 1232 3729 fabula
1247 3672 1305 3739 est,
1320 3663 1359 3740 si,
1374 3681 1443 3744 quae

186 3760 271 3826 inter
291 3764 380 3827 illam
403 3773 435 3828 et
456 3767 619 3850 Euripidis
642 3769 793 3832 interesse
816 3768 993 3842 videantur,
1015 3767 1150 3830 velimus
1172 3765 1444 3848 comprehendere,

188 3863 246 3927 dno
270 3863 336 3928 iere
359 3885 428 3929 esse
451 3869 655 3949 reperiemus,
677 3870 790 3953 quibus
813 3887 934 3932 summa
956 3889 1064 3931 earum
1088 3867 1313 3931 dissimilitudo
1337 3863 1444 3928 decla-

188 3973 283 4028 retnr.
326 3965 469 4039 Quorum
503 3970 635 4034 alterum
671 3972 705 4035 in
738 3971 877 4034 moribus
899 3969 1035 4052 positum
1058 3977 1120 4046 est;
1142 3969 1175 4031 in
1200 3968 1313 4052 quibus
1336 3964 1444 4047 expri-

189 4067 309 4130 mendis
340 4069 511 4151 Euripides
545 4071 672 4153 quidcm
705 4071 752 4134 ita
774 4079 920 4134 versatus
943 4079 1001 4148 est,
1030 4079 1075 4146 ut,
1098 4078 1247 4154 quantum
1270 4077 1386 4132 natura
1407 4085 1445 4129 ac

189 4167 267 4230 ratio
301 4171 476 4250 argumenti
509 4172 643 4248 ferebat,
677 4184 708 4237 et
739 4173 840 4236 bonos
863 4193 916 4236 eos
938 4181 1032 4256 atque
1054 4173 1203 4236 honestos
1227 4171 1390 4251 effingeret
1413 4173 1445 4229 et

95 4281 102 4296 “
189 4267 230 4328 ad
252 4268 373 4332 animos
399 4271 559 4336 hominum
583 4274 796 4337 conciliandos
820 4294 913 4357 quem
926 4274 1063 4337 maxime
1077 4271 1341 4336 accommodatos.
1374 4269 1445 4330 Ite-

190 4385 248 4449 que
270 4389 375 4434 omnes
398 4371 466 4453 ejus
488 4393 630 4454 persouae
650 4375 683 4438 in
707 4376 854 4458 aeqnabili
877 4376 1013 4458 quadam
1037 4372 1259 4437 benevolentia
1281 4390 1318 4433 ac
1334 4371 1443 4433 favore

190 4480 371 4548 versantur3
404 4493 504 4555 neque
537 4477 602 4538 iere
637 4483 686 4538 est
719 4477 793 4553 ulla,
821 4477 911 4558 cujus
934 4475 1155 4540 acerbissimos
1178 4472 1445 4556 gravissimosque

191 4587 280 4634 casus
312 4593 374 4636 non
404 4575 493 4656 justa
525 4595 562 4639 ac
594 4575 702 4640 debita
735 4577 952 4641 misericordis
983 4594 1221 4658 prosequamur.
1250 4571 1444 4656 ignoscimus

192 4668 340 4748 Phaedrae,
374 4694 442 4757 qoae
463 4677 616 4740 adversus
638 4697 778 4742 amorem
799 4679 931 4754 invicta,
953 4696 1011 4759 pro
1034 4679 1121 4742 fama
1143 4677 1281 4758 denique
1303 4689 1444 4755 pugnans

192 4769 232 4834 ad
263 4776 363 4840 scelus
396 4777 569 4860 abripitnr;
600 4779 790 4862 ignoscimus
821 4781 956 4856 Theseo,
978 4780 1130 4862 quitum,
1153 4796 1246 4861 quum
1269 4780 1365 4940 czput
1386 4770 1445 4836 tilii
