3554 5406
563 540 604 596 De
627 539 657 596 L.
681 541 780 597 mai
801 538 910 597 Seneca
930 540 1102 612 Tragoediie.
1426 539 1465 594 83

210 719 324 774 contra
345 711 553 794 Hippolytum
575 713 730 774 conflatur
751 712 904 785 simultas,
928 730 988 793 qna
1011 729 1181 792 oppressus
1196 709 1260 782 ille,
1277 727 1466 791 quamquam

211 812 436 876 miserabiliter
458 821 491 876 et
513 814 637 888 acerbe,
659 833 720 876 non
746 823 851 876 tamen
875 813 967 893 plane
995 811 1154 876 immerito
1177 817 1303 891 pereat;
1325 828 1467 872 novercae

210 921 315 978 autem
339 933 478 977 amorem
501 921 585 977 certe
608 921 716 997 potest
736 920 941 996 spernerent
962 933 1024 975 non
1046 913 1224 976 universum
1247 907 1397 974 muliebre
1414 929 1467 992 ge·
1538 941 1545 954 ·

211 1035 271 1078 nus
293 1023 485 1096 aspernetur.
521 1015 690 1097 Euripides
713 1025 831 1090 contra,
853 1014 942 1078 utin
964 1013 1050 1077 nulla
1073 1014 1138 1076 alia
1159 1033 1203 1088 re,
1225 1011 1272 1074 sio
1293 1033 1331 1075 ne
1353 1011 1385 1075 in
1407 1013 1467 1075 hac

211 1117 334 1198 quidem
367 1125 484 1179 temere
518 1117 681 1200 quicquam
708 1117 808 1182 finxit.
852 1118 935 1181 Nam
958 1116 1018 1178 nisi
1041 1115 1074 1178 in
1097 1115 1224 1178 deorum
1247 1113 1466 1177 contumeliam

211 1218 370 1282 conditam
404 1218 485 1281 lranc
514 1218 651 1280 fabulam
672 1226 829 1300 putamus,
852 1237 979 1281 necesse
1002 1224 1051 1279 est
1072 1224 1248 1280 statuamus
1271 1215 1310 1278 ob
1332 1215 1410 1278 illud
1433 1234 1467 1277 o·

212 1318 296 1381 dium
329 1319 431 1400 ipsum
463 1325 495 1381 et
516 1318 663 1383 interisse
686 1319 890 1402 Hippolytum
915 1325 947 1380 et
964 1318 1034 1397 jure
1058 1316 1286 1400 quodammodo
1310 1316 1466 1378 interisse.

210 1419 326 1482 Peccat
358 1420 440 1482 enim
473 1419 568 1482 etiam
607 1419 660 1501 qni
689 1421 841 1482 virtutem
862 1419 896 1482 in
919 1419 1051 1482 nimium
1076 1425 1217 1494 exercet3
1239 1416 1381 1499 superbit
1402 1437 1465 1479 non

212 1521 303 1582 modo
336 1521 374 1595 is,
406 1521 460 1602 qni
492 1521 613 1603 majora
643 1541 733 1603 quam
767 1540 824 1602 pro
846 1519 972 1583 homine
995 1519 1195 1602 concupiscit,
1217 1519 1272 1581 sed
1295 1517 1389 1581 etiam
1413 1519 1466 1600 qui

210 1621 302 1703 plura
335 1641 426 1703 quam
460 1641 517 1704 pro
544 1622 671 1685 homine
695 1621 757 1684 sibi
780 1623 931 1704 denegat3
954 1628 1074 1684 naturae
1097 1622 1230 1704 deniqne
1252 1619 1381 1682 insultat
1403 1620 1467 1701 qui,

211 1740 288 1802 quas
322 1740 372 1784 res
405 1723 462 1785 illa
484 1723 591 1804 generi
614 1724 752 1786 hnmano
775 1730 830 1785 ant
851 1723 983 1786 utilitati
1008 1729 1063 1786 aut
1084 1721 1243 1804 voluptati
1265 1720 1366 1783 voluit
1388 1739 1467 1794 esse,

211 1842 315 1886 earnm
349 1823 487 1906 aliquam
521 1831 637 1887 temere
671 1824 798 1887 fastidit
824 1832 918 1906 atque
941 1824 1123 1886 contemnit.
1167 1823 1231 1886 Sed
1254 1842 1316 1884 non
1339 1822 1372 1883 id
1394 1828 1466 1884 tan-

210 1929 275 1986 turn
300 1925 365 2006 agit
388 1933 494 2005 poeta,
517 1934 552 1987 nt
574 1945 613 1987 ne
635 1925 783 1988 innocens
806 1943 974 2006 oppressus
997 1943 1066 1987 esse
1088 1925 1255 1987 videatur:
1276 1922 1352 1986 illud
1368 1923 1465 1986 etiam

211 2025 347 2100 laborat,
369 2026 457 2088 utin
482 2045 518 2088 eo
541 2027 620 2107 ipso,
642 2026 673 2088 in
699 2046 759 2107 quo
784 2027 951 2108 deliquerit
973 2026 1178 2109 Hippolytus,
1200 2043 1263 2088 non
1286 2032 1392 2086 tamen
1416 2023 1466 2085 nl-

210 2133 262 2186 tra
294 2129 436 2189 favorem
471 2135 504 2189 et
536 2127 784 2190 misericordiam
817 2135 935 2208 peccet.
980 2126 1079 2208 Atqui
1114 2126 1222 2207 negari
1257 2146 1318 2188 non
1346 2133 1466 2206 potest,

209 2226 283 2308 quin
305 2227 458 2308 ejusmodi
483 2237 606 2303 natura,
629 2229 731 2311 qualis
754 2236 803 2291 est
823 2229 1005 2312 Hippolyti,
1028 2227 1169 2291 nonnihil
1191 2226 1309 2291 habeat
1330 2227 1363 2289 in
1386 2245 1466 2301 sese,

210 2328 293 2410 qnod
326 2336 382 2391 ant
411 2329 629 2411 ‘contemptum
657 2330 761 2412 possit
781 2338 837 2393 ant
859 2331 963 2393 odium
987 2349 1199 2393 commovere:
1223 2328 1409 2392 insanientis
1432 2347 1467 2390 e-

209 2429 274 2492 nim
299 2439 347 2491 est
369 2437 401 2493 et
422 2430 535 2493 furiosi
558 2431 791 2494 acerbissimum
814 2432 921 2494 odium
944 2430 1012 2494 sine
1035 2437 1122 2494 certa
1147 2450 1184 2492 ao
1198 2430 1354 2512 probabili
1369 2449 1466 2493 causa

210 2530 384 2612 suscipere:
419 2550 568 2612 spernere
601 2540 701 2596 autem
735 2551 789 2594 eas
821 2533 915 2614 leges,
949 2551 1081 2614 quarum
1103 2532 1136 2595 in
1158 2530 1371 2594 condicionem
1394 2531 1462 2594 nati
1566 2605 1570 2612 Ι

210 2651 325 2707 sumus,
347 2635 530 2714 agrotantis
552 2640 673 2696 naturae
696 2641 728 2694 et
750 2653 867 2696 mancae
890 2633 1120 2714 quodammodo
1143 2639 1200 2696 est.
1237 2631 1379 2703 Quonam
1401 2633 1463 2714 igi-

209 2739 260 2794 tur
291 2741 383 2814 pacto
417 2733 537 2814 aufugit
562 2731 644 2797 hunc
676 2733 834 2816 scopulum
858 2734 1050 2816 Euripides?
1093 2735 1213 2815 Nempe
1235 2732 1283 2795 ita
1304 2740 1464 2816 tempera-

210 2833 267 2908 vit,
290 2841 334 2907 ut,
356 2836 437 2915 quod
459 2836 620 2916 proprium
644 2846 675 2898 et
702 2854 818 2899 novum
838 2835 1008 2918 Hippolyti
1031 2855 1131 2898 mores
1154 2834 1324 2910 habebant,
1345 2834 1378 2897 id
1400 2835 1464 2898 ini-

209 2933 255 2996 tio
288 2935 414 3016 quidem
448 2937 563 3000 fabulae
585 2955 625 2998 ex
647 2957 685 2999 aa
706 2936 843 2999 maxime
866 2945 957 3018 parte
980 2937 1168 3012 ostenderet,
1190 2956 1252 3019 qua
1274 2935 1316 2998 ad
1338 2936 1463 3001 virtutis

209 3035 345 3116 speciem
379 3037 522 3117 proxime
555 3036 737 3112 accedebat,
770 3044 806 3101 ut
835 3039 999 3101 induceret
1023 3059 1092 3101 enm
1115 3038 1224 3101 Dianae
1246 3038 1462 3101 tantummodo

209 3136 475 3200 studiosissimum
509 3138 670 3213 cultorem,
702 3147 857 3221 praterea
884 3140 924 3202 ad
949 3139 1102 3222 virginum
1123 3139 1363 3202 similitudinem
1386 3157 1463 3221 pure

210 3247 359 3321 casteque
391 3238 566 3315 viventem,
599 3240 748 3303 muliebre
781 3259 878 3322 genus
910 3259 973 3303 non
1004 3250 1072 3304 tam
1106 3239 1216 3303 acerbe
1249 3239 1462 3322 exagitantem

210 3357 304 3420 qnam
325 3339 531 3421 refugientem
554 3340 652 3404 tacito
676 3341 811 3423 quodam
831 3341 963 3422 judicio:
993 3343 1097 3405 odium
1121 3361 1196 3403 vero
1219 3339 1297 3402 illud
1318 3347 1383 3403 tum
1407 3339 1464 3402 de-

209 3439 302 3521 niqne
335 3441 414 3504 facit
441 3451 649 3518 evomentem,
682 3462 774 3524 quum
808 3443 975 3506 manifesto
1008 3443 1125 3506 scelere
1154 3441 1359 3522 deprehenso,
1381 3460 1464 3524 pra-

210 3549 297 3602 sente
319 3541 541 3606 sordidissima
562 3543 709 3607 ministra
731 3543 883 3619 libidinis,
905 3551 1060 3625 praesente
1084 3544 1212 3606 muliere
1225 3543 1344 3605 incesto
1357 3561 1463 3606 amore

208 3639 371 3722 flagrante,
404 3663 463 3706 non
496 3643 587 3706 modo
618 3651 711 3708 vetus
734 3652 766 3706 et
786 3645 915 3708 insitum
946 3645 1049 3708 odium
1073 3663 1264 3726 expromere,
1287 3643 1461 3707 sedetiam

208 3761 324 3806 novum
355 3751 428 3806 tuno
449 3745 550 3825 ipsum
573 3745 731 3827 suscipere
755 3765 821 3809 cum
844 3745 938 3808 venia
960 3766 1054 3827 posse
1076 3746 1234 3809 videatur.
1276 3745 1323 3808 As
1344 3743 1404 3807 lsoc
1427 3763 1463 3806 o-

209 3841 294 3906 dium
315 3843 343 3906 si
366 3845 470 3908 alieno
494 3844 563 3908 loco
586 3846 771 3921 declaratur,
797 3845 825 3908 si
847 3847 933 3909 nulla
955 3844 1185 3929 praeparatione
1208 3848 1305 3918 facta,
1326 3845 1355 3908 si
1376 3845 1463 3908 nulla

206 3943 293 4025 justa
326 3965 421 4008 cansa
454 3946 590 4028 prolata,
624 3966 717 4029 quam
750 3947 898 4029 frigidum
926 3966 964 4010 ac
985 3968 1073 4030 paene
1095 3949 1236 4030 ineptum
1258 3946 1413 4022 videatur,
1434 3945 1462 4008 si

209 4065 271 4108 non
304 4065 360 4128 per
392 4067 427 4110 se
459 4047 560 4129 ipsum
592 4047 790 4130 intelligitur,
823 4047 945 4114 Seneca
971 4056 1078 4130 potest
1099 4051 1220 4124 docere,
1243 4055 1349 4130 poeta,
1372 4046 1462 4109 utin

209 4145 281 4208 aliis
313 4146 391 4210 locis
424 4149 544 4222 multis,
576 4148 622 4211 sic
655 4149 687 4212 in
709 4148 769 4212 hoc
791 4169 911 4232 quoque
933 4150 1151 4214 documentum
1174 4169 1266 4233 quam
1288 4146 1462 4229 exemplum

209 4246 328 4310 utilius.
371 4249 435 4313 Sed
457 4250 498 4312 ad
520 4250 717 4331 propositum
741 4260 944 4314 revertamur.

291 4348 388 4412 Nulla
420 4351 524 4414 adhuc
556 4351 595 4413 de
628 4352 763 4415 Phaedra
797 4355 883 4415 facta
914 4361 964 4416 est
995 4352 1122 4427 mentio,
1146 4370 1240 4434 qnnm
1263 4351 1368 4414 subito
1391 4348 1462 4431 ipsa

209 4447 357 4531 irrumpit
377 4449 473 4532 idque
496 4471 680 4532 congressus
703 4451 825 4516 initium
848 4453 935 4528 facit,
958 4462 996 4516 ut
1010 4454 1121 4516 statim
1135 4461 1295 4534 tamquam
1309 4450 1461 4514 exanimis

209 4557 345 4613 corruat.
387 4550 465 4622 Qua
487 4553 558 4616 sinn
580 4562 611 4616 et
633 4553 780 4634 amplexu
793 4554 930 4636 privigni
943 4561 1076 4637 excepta
1089 4591 1126 4600 -
1138 4553 1171 4616 id
1183 4553 1285 4634 ipsum
1300 4551 1391 4614 credo
1403 4569 1462 4612 vo-

209 4649 372 4714 luerat-
394 4663 431 4715 ut
463 4661 597 4718 mentem
631 4655 775 4736 primurn,
808 4675 882 4718 mox
909 4657 1076 4720 audaciam
1099 4654 1235 4735 collegit,
1257 4653 1298 4715 ad
1321 4670 1462 4715 amorem

210 4750 370 4818 fatendum
393 4753 578 4820 haesitanter
599 4765 632 4820 et
652 4775 709 4838 per
730 4757 879 4839 ambages
901 4758 1093 4840 aggreditur.
1130 4755 1195 4822 Sed
1217 4753 1297 4818 nihil
1310 4753 1372 4918 grie
1393 4771 1462 4816 am·
