3554 5406
326 503 366 560 60
814 497 845 556 (i.
869 497 901 554 u.
924 495 1097 556 Sudatrtm.

327 673 462 740 nondum
497 669 676 736 dimittunt:
709 688 773 754 que
798 689 831 734 re
864 675 1041 734 commotus
1069 669 1152 736 lusnc
1172 685 1280 732 vocem
1303 667 1452 733 eliuuditr
1474 669 1588 734 ceteris

328 777 423 840 rebus
457 774 588 838 multum
622 774 705 838 inter
736 792 771 836 ss
804 771 924 836 distare
956 771 1119 848 mortales,
1140 771 1313 835 liberorum
1337 789 1446 834 amore
1467 771 1590 854 paritm
1633 775 1637 784 '

328 895 434 940 omues
457 874 568 938 teneri.

410 975 567 1042 Redeunti
590 977 677 1057 Lyco
698 973 915 1057 Amphitryon
938 972 1017 1038 dicit
1038 974 1202 1054 Megaram
1225 991 1294 1036 cum
1317 971 1428 1036 liberis
1442 975 1484 1037 ad
1500 993 1587 1040 araur

328 1079 436 1141 Vesta
459 1076 653 1158 confugisse3
675 1075 744 1156 ipse
765 1075 864 1139 intret
886 1074 1013 1138 domurn
1029 1109 1070 1122 -
1085 1093 1159 1136 num
1183 1073 1245 1137 sibi
1268 1072 1449 1156 religiosum
1465 1093 1535 1138 esse
1548 1113 1588 1124 --

328 1179 549 1260 supplicesque
572 1177 717 1240 abducat
750 1178 858 1241 Intrat
879 1174 933 1240 ille
956 1185 988 1240 et
1009 1175 1145 1258 quidem
1158 1174 1301 1258 sibiipse
1316 1175 1492 1256 gratulans,
1506 1177 1589 1260 qnod

329 1280 456 1344 tandem
489 1279 625 1342 omnium
656 1278 808 1342 malorum
832 1276 972 1358 requiem
995 1285 1028 1339 et
1048 1283 1172 1358 portum
1195 1276 1366 1358 aspexerit.
1409 1276 1512 1348 Quem
1534 1277 1588 1342 uiri

329 1381 442 1444 chorus
477 1382 561 1444 facto
593 1387 667 1462 post
699 1377 869 1461 strepitum
903 1377 1116 1460 ejulatumque
1148 1377 1276 1442 silentio
1305 1378 1504 1442 interfectum
1523 1379 1588 1460 jem

328 1501 398 1546 esse
440 1481 605 1562 cognorit,
647 1499 772 1544 carmen
810 1479 852 1542 ad
888 1479 1036 1544 Herculis
1079 1478 1244 1542 victoriam
1280 1477 1497 1542 celebrandam
1534 1499 1589 1542 ex-

329 1602 430 1656 orsus,
462 1581 568 1646 subito
602 1580 732 1644 horrore
764 1581 911 1664 perfusus
934 1579 1128 1654 conticescit,
1149 1579 1324 1643 terribilem
1346 1599 1445 1661 snpra
1466 1581 1588 1644 culmen

329 1684 404 1748 tecti
439 1683 551 1748 faciem
584 1682 795 1763 conspicatus,
829 1680 958 1746 Insania
990 1680 1173 1744 comitatam
1215 1679 1342 1745 Itidem.
1387 1679 1465 1752 Qum
1486 1681 1588 1764 trepi-

330 1783 421 1850 danti
455 1785 551 1848 choro
585 1803 606 1847 a
637 1783 762 1847 Junous
787 1803 821 1846 se
844 1801 912 1847 esse
935 1782 1063 1846 missum
1087 1781 1235 1856 ostendit,
1258 1789 1295 1844 ut
1316 1783 1446 1846 Herculi
1468 1790 1588 1865 pestem

330 1907 369 1950 ac
390 1885 560 1969 perniciem
584 1885 731 1959 inferret:
755 1903 845 1967 quem
868 1892 967 1948 antea
989 1883 1066 1948 fatis
1087 1891 1215 1959 tectum,
1238 1884 1339 1965 quoad
1362 1883 1420 1947 illo
1441 1885 1523 1967 apud
1539 1883 1590 1948 in-

331 1989 417 2052 feros
449 1988 558 2052 labore
592 1987 843 2068 perfungeretur,
865 2005 949 2049 nnnc
972 1994 1182 2068 opportunum
1205 1993 1315 2048 nectas
1339 1985 1488 2068 brevique
1510 1995 1590 2050 tem-

331 2108 408 2172 pore
439 2089 649 2171 perfecturus,
683 2092 719 2150 nt
751 2086 936 2170 prmclaram
968 2086 1055 2150 illam
1088 2105 1129 2150 ex
1148 2086 1261 2150 inferis
1283 2086 1423 2167 palmam
1447 2087 1589 2150 nefandis

332 2209 459 2254 suorum
483 2187 618 2253 cudibus
640 2187 773 2270 polluat.
817 2190 896 2251 Turn
925 2188 1097 2262 Insaniam,
1109 2195 1146 2252 ut
1167 2206 1232 2250 rem
1254 2186 1443 2269 imperatam
1466 2197 1589 2251 strenue

332 2291 485 2372 perteniat,
507 2291 661 2354 hortatur.
695 2288 757 2352 Illa
778 2288 943 2371 aspernari
967 2288 1069 2370 primo
1092 2297 1186 2370 atque
1208 2288 1362 2369 refugere,
1386 2288 1496 2363 donec,
1518 2307 1589 2369 gra·

332 2392 399 2456 vius
431 2391 516 2454 Iride
550 2387 698 2467 instante,
731 2389 839 2454 Solem
865 2397 985 2453 testata
1006 2389 1140 2452 inritam
1162 2409 1196 2451 se
1218 2389 1370 2470 optimum
1391 2389 1495 2452 virum
1520 2408 1590 2471 per-

332 2492 497 2567 culsurem,
530 2491 647 2556 Isidem
672 2491 775 2555 redire
798 2491 840 2554 ad
862 2489 981 2554 coelum
1001 2490 1102 2571 jubet,
1124 2491 1197 2572 ipsa
1217 2509 1367 2571 praeceps,
1389 2490 1591 2573 tempestatis

332 2601 389 2660 aut
420 2592 562 2658 fulminis
584 2591 657 2668 ritu,
679 2592 711 2656 in
733 2592 881 2656 Herculis
903 2611 937 2655 se
961 2592 1086 2654 domum
1108 2590 1263 2654 immittit.
1306 2592 1363 2655 Fit
1383 2591 1494 2674 ingene
1516 2609 1590 2674 pro·

333 2696 422 2770 cella,
445 2701 629 2759 sternuntur
649 2695 731 2757 sedes
754 2701 787 2758 et
809 2701 974 2769 corrnuut3
997 2691 1175 2774 insequitur
1196 2693 1327 2756 nuntius
1349 2694 1517 2758 Herculem
1539 2711 1589 2756 ra·

332 2797 463 2878 pontino
486 2798 589 2860 furore
613 2801 803 2877 correptum,
826 2795 900 2860 dum
928 2794 990 2858 sibi
1013 2795 1227 2878 Eurystheum
1250 2813 1433 2877 oppugnare
1455 2796 1590 2867 videtur,

312 2911 422 2962 'suam
445 2898 546 2978 ipsius
569 2896 732 2978 conjugem
756 2905 788 2960 et
808 2897 926 2960 liberos
949 2896 1119 2972 occidisse3
1146 2895 1325 2976 inpetrem
1348 2915 1470 2979 qnoque
1492 2897 1592 2976 impe-

333 3006 399 3063 tum
420 3000 524 3063 fucere
547 3007 705 3070 conatum,
728 2997 790 3062 nisi
813 2998 939 3077 objecta
959 2998 1113 3072 Minervae
1136 2996 1249 3060 similis
1270 2997 1469 3079 imagosuxo
1484 3005 1591 3080 pectus

334 3099 403 3181 ejus
425 3107 498 3166 tam,
515 3100 656 3182 graviter
675 3099 893 3179 percussisset,
915 3105 951 3162 ut
972 3097 1148 3164 exanimem
1170 3097 1341 3182 collapsum
1363 3097 1473 3163 stetim
1497 3098 1592 3163 artis-

334 3201 434 3268 simus
456 3221 552 3283 sopor
574 3200 783 3283 occupaverit

418 3303 572 3388 Aperitur
594 3311 660 3366 tum
683 3303 810 3366 domus:
833 3301 1028 3384 conspicitur
1049 3300 1129 3384 ipsa,
1151 3302 1289 3364 nondum
1312 3321 1426 3384 sopora
1449 3319 1590 3376 excusso,

335 3404 461 3470 vinctus
493 3406 533 3468 ad
565 3411 762 3485 prostratam
796 3404 970 3468 columnam
988 3403 1111 3483 jacens.
1154 3402 1291 3465 Accedit
1313 3404 1353 3465 ad
1376 3405 1457 3466 hunc
1476 3402 1591 3466 chorus

337 3507 429 3570 modo
452 3508 527 3588 fuga
547 3505 710 3585 dispersus
732 3503 913 3588 sedatisque
936 3505 1063 3567 vocibus
1085 3504 1294 3566 miserabilem
1318 3523 1421 3568 cusum
1438 3503 1591 3584 deplorat.

336 3606 400 3672 Um
433 3627 507 3672 uero
538 3605 776 3689 expergiscitur,
798 3604 945 3670 exterriti
967 3625 1073 3670 rursus
1095 3624 1203 3668 omnes
1224 3605 1393 3687 diffugiunt
1412 3605 1592 3688 trepidique

336 3709 512 3791 paullisper
546 3707 684 3783 distant;
718 3707 816 3770 donec
847 3715 941 3790 pater
962 3707 1088 3770 firmato
1110 3706 1239 3769 tandem
1262 3707 1368 3771 animo
1391 3706 1513 3770 accedit
1534 3705 1592 3770 uri·

336 3810 481 3895 rautiqne
515 3809 650 3884 vincula,
685 3806 814 3870 miranti
843 3807 980 3886 omnium
1003 3809 1119 3888 fugam,
1142 3815 1293 3889 quantum
1315 3808 1390 3870 mali
1412 3807 1593 3891 imprudens

337 3919 371 3974 st
391 3913 497 3976 furens
520 3909 723 3984 commiserit,
744 3908 972 3991 pedetemptim
994 3917 1268 3991 repugnanterqne
1294 3909 1461 3991 significat.
1500 3907 1591 3980 Quod

336 4011 525 4096 simulatque
557 4010 610 4074 ille
632 4009 800 4086 intellexit,
821 4011 941 4088 pudore
964 4011 1122 4086 confusus,
1145 4028 1315 4092 oppressus
1338 4009 1593 4085 mortitiumor-

337 4121 400 4178 tem
434 4113 544 4178 statim
576 4120 737 4195 tamquam
769 4133 862 4176 unum
890 4111 1031 4175 infamiae
1052 4111 1310 4194 miseriarumque
1332 4112 1509 4194 perfugium
1530 4129 1595 4174 rue·

337 4215 468 4280 ditatur.
500 4216 572 4278 Hoc
593 4213 663 4296 ipso
685 4220 826 4295 tempore
849 4212 982 4277 advenit
1002 4213 1158 4276 Theseus:
1181 4212 1234 4294 qui
1249 4231 1353 4294 quum,
1368 4213 1496 4294 cognita
1510 4211 1595 4275 The-

337 4316 488 4382 banorum
521 4315 690 4391 seditione,
723 4333 760 4378 eo
793 4313 927 4379 consilio
960 4313 1097 4377 Athenis
1125 4316 1285 4396 profectus
1311 4321 1405 4388 esset,
1425 4322 1463 4376 ut
1482 4311 1595 4387 arnico,

337 4418 425 4499 cujus
447 4417 600 4482 beneficio
622 4418 664 4481 ad
685 4435 817 4498 superos
839 4414 986 4490 redisset,
1007 4415 1076 4498 ipse
1098 4413 1589 4478 vicissimlaborantisuccurre-

338 4527 397 4595 ret,
418 4527 586 4602 postquam
601 4537 670 4582 eum
691 4517 747 4580 illo
769 4516 907 4600 periculo
920 4517 1111 4591 defunctum,
1124 4516 1189 4580 alio
1201 4535 1275 4580 vero
1288 4523 1402 4598 praeter
1414 4515 1592 4598 opinionem

338 4622 422 4686 malo
443 4620 605 4684 adflictum
627 4619 726 4694 videt,
748 4619 780 4682 in
802 4637 839 4682 en
862 4637 983 4701 quoqne
1013 4617 1148 4682 levando
1171 4616 1423 4699 consolandoque
1445 4614 1595 4680 fidelissi·-

338 4741 420 4788 mum
443 4721 758 4804 amantissimumque
779 4739 814 4784 re
835 4725 979 4802 praestet.
1020 4717 1071 4784 Ac
1092 4718 1228 4804 primum
1252 4719 1376 4802 quidem
1390 4725 1521 4802 propter
1536 4737 1595 4800 pu-
