3554 5406
340 501 379 560 ΒΘ
830 500 861 560 0.
883 501 916 561 Ε.
938 499 1111 560 annuam

340 679 501 737 catervam
524 671 632 754 adegit
654 670 771 748 omnia,
793 691 861 754 quae
884 678 957 736 acta
978 671 1108 746 fuerint,
1129 669 1259 734 silentio
1276 671 1522 742 essetacturam,
1536 684 1592 728 ox-

340 773 496 854 cogitasse
529 793 563 837 se
596 771 674 836 dicit
705 773 886 849 remedium,
919 793 979 856 quo
1003 780 1035 837 ct
1056 773 1142 836 fama
1162 791 1219 836 sua
1243 778 1275 834 et
1295 771 1448 834 honestas
1470 761 1618 850 generis

339 872 509 938 liberorum
530 873 695 938 incolumis
718 874 839 939 servari
861 874 973 957 possit.
1005 873 1221 956 Interroganti
1244 870 1442 956 choro,quod
1464 869 1591 932 tandem

338 975 517 1040 insanabile
550 975 667 1040 malurn
689 976 849 1050 moliatur,
870 975 1009 1039 ”moriar
1032 975 1147 1050 enim”‚
1169 974 1273 1057 inquit
1294 973 1369 1038 ”sed
1392 971 1449 1036 alii
1471 987 1591 1053 quoque

339 1084 465 1145 monna
486 1077 595 1158 ingens
626 1077 733 1140 futura
754 1096 821 1145 enm
846 1077 973 1152 nralum,
995 1084 1031 1140 nt
1051 1077 1132 1140 sciat
1153 1095 1215 1139 non
1235 1074 1418 1156 jactandum
1440 1071 1502 1135 sibi
1524 1089 1591 1134 esse

338 1177 372 1243 in
395 1177 473 1242 meis
499 1177 633 1242 miseriis
655 1177 878 1260 particepsque
902 1198 1007 1242 earum
1030 1178 1131 1242 factus
1154 1176 1306 1258 superbus
1329 1195 1397 1238 esse
1420 1169 1592 1238 dediscat.'’

422 1279 619 1360 Comparate
648 1280 715 1360 jam
749 1287 781 1342 et
810 1279 972 1344 instructa
998 1279 1121 1344 insidiae
1144 1297 1163 1341 a
1185 1279 1309 1341 Venere
1330 1284 1413 1340 sunt.
1456 1275 1593 1338 Tenetur

338 1379 475 1464 undique
497 1380 620 1463 laqueis
631 1380 827 1464 Hippolytus
839 1380 1085 1445 circumstrictus
1098 1387 1129 1442 et
1141 1381 1188 1444 ita
1199 1387 1335 1454 tenetur,
1347 1385 1384 1441 ut
1396 1397 1469 1448 noo,
1481 1393 1591 1458 quem-

338 1481 505 1546 admodum
539 1481 662 1546 eervari
695 1483 806 1563 possit,
840 1481 977 1563 amplius
999 1482 1181 1564 cogitemus,
1203 1481 1269 1556 sed,
1291 1499 1382 1562 quem
1406 1478 1526 1542 exitum
1549 1474 1592 1538 sit

337 1583 515 1660 habiturus,
538 1584 825 1666 perhorrescamus.
868 1585 952 1648 Nam
973 1584 1187 1666 quodcumque
1211 1582 1322 1644 mortis
1344 1580 1521 1662 perfugium
1542 1575 1592 1638 vi·

338 1685 439 1759 detur,
462 1684 494 1748 id
514 1683 724 1765 jurisjurandi
747 1684 900 1766 religione
922 1692 1052 1765 saptum
1075 1691 1169 1768 atque
1194 1682 1349 1746 occlusum
1372 1689 1431 1745 est.
1465 1677 1593 1746 Juravit

336 1786 451 1850 nutrici
473 1784 668 1869 Hippolytus
690 1785 771 1848 nihil
793 1786 879 1868 patri
902 1787 940 1849 de
963 1785 1129 1850 mulierum
1152 1782 1519 1848 consilioindicaturum:
1538 1779 1592 1860 ju-

337 1887 424 1952 ravit
446 1885 541 1950 etiam
563 1886 703 1952 Phaedrae
726 1893 857 1950 caterva
868 1887 985 1952 nullam
998 1875 1036 1950 de
1049 1887 1099 1959 iis,
1113 1906 1182 1970 quae
1194 1884 1385 1958 audiverint,
1400 1901 1508 1949 vocem
1524 1879 1592 1944 cdi-

336 1995 449 2052 turam.
483 1989 556 2080 Jam
578 2007 669 2052 unam
691 1989 800 2052 Venus
823 1987 1020 2052 innocentem
1045 1988 1213 2070 oppressit,
1237 1987 1308 2051 dum
1323 1986 1443 2049 aditum
1458 1983 1520 2048 sibi
1534 2000 1592 2064 pa·

336 2089 448 2154 tefacit
470 2089 511 2152 ad
534 2089 759 2154 ulciscendum:
783 2099 913 2166 morant
934 2089 974 2154 ad
996 2089 1109 2172 ipsius,
1126 2108 1218 2172 qoem
1232 2088 1309 2163 odit,
1322 2087 1592 2170 sanguinemper-

336 2191 455 2266 veniat,
477 2199 651 2254 extremam
674 2191 822 2272 conjiciet
842 2191 1040 2274 petitionem,
1063 2211 1123 2274 quo
1146 2209 1210 2254 uno
1232 2189 1297 2254 icto
1319 2196 1412 2272 pater
1431 2187 1525 2252 simul
1540 2204 1592 2250 oc·

336 2291 462 2358 cumbet
484 2292 629 2356 attilius.

419 2393 468 2458 Ne
491 2395 604 2458 multa:
628 2394 810 2458 redeuntem
834 2395 958 2458 Thesea
980 2395 1105 2458 domurn
1121 2394 1255 2476 gemitus
1267 2393 1472 2476 planctusque
1489 2397 1592 2454 cater-

335 2513 383 2559 va
406 2495 584 2578 excipiunt;
617 2515 683 2577 quae
705 2496 750 2558 sit
772 2515 868 2560 eausa
890 2496 1003 2572 luctus,
1027 2495 1179 2578 querenti
1202 2502 1326 2558 mortua
1349 2493 1465 2574 conjux
1486 2498 1593 2554 osten-

336 2597 433 2660 ditur.
467 2595 565 2678 Oujus
588 2616 628 2659 ex
650 2617 747 2660 manu
769 2604 804 2660 ut
826 2616 1012 2678 suspensam
1034 2596 1123 2660 illam
1146 2594 1463 2660 funestam-cabulen
1479 2594 1592 2674 depre-

335 2697 457 2773 hendit,
489 2699 523 2763 iu
549 2717 610 2780 qua
643 2699 815 2780 scripserat
836 2698 901 2762 vim
924 2698 986 2762 sihi
1009 2697 1048 2761 ab
1072 2698 1248 2780 Hippolyto
1271 2717 1340 2762 esse
1362 2697 1497 2768 illatam,
1519 2713 1593 2774 gra·

335 2797 470 2862 vissima
491 2799 541 2862 ira
563 2799 711 2863 incensus
733 2808 878 2882 precatur
900 2807 1033 2881 epatre
1055 2799 1216 2880 Neptuno,
1239 2799 1386 2881 quoniam
1410 2798 1437 2861 is
1453 2796 1515 2860 sibi
1529 2795 1593 2860 tria

335 2907 448 2981 optata
471 2900 622 2976 dedisset,
646 2919 751 2964 eorum
775 2919 857 2964 nunc
879 2900 1416 2982 nnumdliiinteriturepraesentet.
1444 2895 1593 2962 Accurrit

334 2999 461 3064 interim
494 3001 592 3065 filius:
626 3021 719 3085 quem
752 3002 927 3065 novitatem
949 3001 995 3066 rei
1017 3001 1225 3064 admirantem
1249 3007 1507 3084 quarentemque,
1529 3015 1592 3080 qua

334 3121 441 3178 causa,
464 3121 557 3185 quam
581 3103 673 3166 modo
697 3104 764 3166 luce
787 3103 944 3166 fruentem
966 3101 1093 3178 viderit,
1116 3121 1185 3166 eam
1206 3121 1286 3164 nunc
1307 3121 1365 3165 sua
1385 3100 1485 3183 ipsius
1500 3118 1592 3164 mann

333 3203 444 3266 videat
476 3203 687 3280 interfectam,
717 3203 793 3266 duro
827 3211 859 3266 et
891 3203 993 3284 rigido
1022 3203 1113 3266 vultu
1134 3211 1227 3286 pater
1249 3203 1368 3284 excipit
1388 3201 1529 3284 nihilque
1551 3201 1592 3264 ad

334 3312 447 3386 rogata
479 3305 673 3388 respondens
702 3319 896 3368 communem
924 3305 999 3368 vitae
1021 3304 1166 3368 humanae
1189 3303 1404 3368 condicionem
1427 3301 1592 3384 conqueri-

334 3411 398 3480 tur,
420 3425 544 3488 semper
566 3406 736 3470 sceleribus
760 3415 984 3488 oppugnatam,
1017 3425 1141 3489 semper
1162 3405 1311 3469 infestam
1335 3403 1538 3468 simulatione
1561 3410 1593 3466 at

333 3504 470 3582 insidiis,
500 3527 538 3570 ne
562 3507 594 3570 in
617 3507 833 3590 proximorum
858 3507 982 3590 quidem
1005 3507 1067 3570 fide
1089 3514 1157 3570 tuto
1180 3506 1401 3589 quiescentem.
1444 3504 1504 3568 Ille
1524 3503 1592 3586 pri·

334 3626 428 3683 mum,
450 3607 526 3690 quid
546 3609 613 3672 haec
635 3608 697 3671 sihi
719 3609 830 3685 velint,
851 3608 974 3686 mirari,
997 3608 1173 3683 obsecrare,
1195 3616 1239 3683 ut,
1257 3605 1592 3688 cujueseclerisaccu-

333 3715 432 3782 cetur,
455 3716 641 3790 cognoscat:
664 3710 718 3772 illo
741 3730 816 3775 vero
838 3711 975 3792 prolato,
998 3710 1052 3772 ubi
1075 3710 1150 3772 date
1173 3715 1222 3772 est
1237 3707 1425 3771 defendendi
1437 3712 1591 3790 potestas,

333 3807 414 3872 nihil
449 3829 488 3872 ex
520 3809 573 3885 iis,
594 3809 709 3892 quibus
731 3812 861 3892 probari
883 3810 1067 3875 innocentie
1088 3828 1145 3874 sua
1166 3829 1259 3892 posse
1281 3809 1438 3884 videatur,
1460 3806 1592 3871 tacitum

334 3909 525 3992 relinquere:
559 3911 725 3974 testificari
755 3919 907 3976 anteactae
930 3911 1003 3976 vitae
1025 3911 1223 3976 castitatem:
1246 3911 1474 3990 demonstrare,
1496 3927 1590 3992 qnam

334 4010 378 4073 sit
400 4011 596 4088 incredibile,
617 4020 662 4088 ut,
684 4012 771 4094 cujus
793 4014 824 4076 in
846 4020 916 4078 tota
937 4013 1100 4095 praeterita
1121 4012 1190 4074 vita
1211 4012 1329 4076 nullum
1351 4010 1485 4086 facinus,
1506 4008 1593 4073 nulla
1638 4007 1643 4024 ⁸

334 4111 432 4174 libido
467 4113 639 4188 exstiterit,
673 4113 701 4176 is
734 4114 839 4177 subito
866 4121 932 4177 tam
965 4113 1107 4189 immani,
1136 4120 1202 4178 tam
1235 4113 1359 4194 impuro
1382 4111 1499 4175 scelere
1522 4129 1592 4176 sese

334 4213 504 4295 astringat.
548 4213 611 4285 Qui
644 4214 751 4290 etiam,
784 4223 902 4297 quanta
929 4215 1032 4279 estin
1055 4235 1090 4279 eo
1113 4214 1262 4298 puritatis
1286 4212 1592 4276 eteastitatiscon-

334 4315 478 4392 scientia,
503 4313 629 4396 ”aspice
652 4316 734 4380 hanc
756 4316 884 4391 lucem”,
905 4315 1020 4398 inquit,
1036 4316 1156 4399 ”pater,
1168 4323 1347 4396 terramque
1363 4314 1443 4376 hanc
1459 4314 1593 4378 circum·

334 4414 450 4480 lustra!
483 4415 533 4478 his
557 4416 672 4480 fruitur
694 4436 798 4493 nemo,
820 4417 946 4480 etiamsi
969 4418 1107 4481 maxime
1129 4437 1233 4500 neges,
1256 4415 1310 4498 qui
1332 4435 1382 4480 me
1404 4415 1513 4496 purius
1535 4419 1593 4476 aut

333 4517 563 4600 temperantius
588 4516 705 4582 vivat.”
748 4519 802 4582 Ad
825 4526 1000 4582 extremum
1023 4518 1128 4582 omnia
1150 4518 1212 4582 sibi
1235 4518 1304 4598 ipse
1327 4516 1412 4579 mala
1434 4517 1593 4598 impreca-

334 4623 397 4692 tur,
419 4619 447 4682 si
468 4619 596 4682 sceleris
618 4617 662 4682 sit
684 4620 854 4684 convictus.
897 4620 961 4686 Sed
984 4621 1101 4684 frustra
1124 4619 1230 4684 omnia
1251 4624 1333 4682 sunt.
1366 4617 1450 4680 Nam
1473 4615 1593 4682 severi-
