3508 5404
546 511 587 568 ne
609 512 640 568 n.
664 513 763 572 mnes
784 511 894 570 enses
916 511 1087 586 plagosum.
1159 551 1163 560 .
1242 537 1289 558 .-
1349 491 1355 506 '
1411 511 1450 568 rs

190 677 293 742 simus
322 685 356 742 st
382 679 593 748 otiosissimus
615 683 763 757 habeare,
785 683 901 766 qnippe
924 699 1018 766 quum
1039 681 1072 746 in
1094 679 1275 762 hujusmodi
1299 681 1393 744 rebus
1414 700 1451 742 a·

189 777 313 860 spicere
335 787 368 843 et
391 783 553 862 preterire
576 784 701 848 sbunde
723 785 872 848 sufficiat.
915 783 1009 856 Quod
1032 801 1088 864 ego
1112 782 1188 846 item
1212 782 1327 844 faciam
1349 801 1452 866 neque

189 879 396 957 committam,
419 883 484 945 'ut
476 903 507 946 ιι
530 904 563 947 ιι
587 885 759 948 manifesta
780 885 887 966 verbis¹
910 893 982 947 utar
1004 904 1064 948 non
1086 883 1287 946 necessariis.
1325 882 1451 946 Omissa

188 979 286 1062 igitur
319 981 375 1046 illa
407 995 562 1066 perpetua
596 983 700 1049 Graeci
734 985 911 1068 argumenti
936 984 1130 1060 narratione,
1153 1004 1215 1069 qua
1237 969 1268 1048 in
1291 983 1450 1066 prioribus

189 1082 305 1147 fabulis
339 1084 387 1148 nsi
419 1106 537 1163 snmus,
570 1095 691 1168 purtem
725 1088 944 1162 tantummodo
978 1107 1047 1150 curn
1080 1093 1172 1167 parte
1195 1086 1393 1161 contendaftm
1416 1093 1451 1149 nt

188 1195 353 1266 appareat,
375 1206 467 1269 quam
491 1207 531 1252 ex
553 1188 711 1272 Sophocle
733 1209 835 1272 paucs
858 1187 1005 1264 servarit,
1028 1207 1121 1271 quam
1145 1187 1244 1249 multe
1269 1169 1451 1250 exsudent

187 1285 316 1349 aliunde
349 1290 567 1370 assumpserit,
602 1310 696 1373 quum
729 1291 813 1354 omni
838 1289 971 1372 denique
995 1289 1117 1354 ratione
1140 1287 1325 1362 retexuerit,
1338 1279 1382 1362 ἰιι
1403 1288 1451 1350 ιιι

187 1384 300 1463 dicam,
321 1388 489 1470 Sophoclis
511 1391 599 1454 illam
621 1391 863 1474 pulcherrimam
891 1392 986 1454 telam
1010 1409 1141 1472 eamque
1164 1389 1232 1452 suis
1253 1387 1372 1471 passim
1396 1408 1450 1452 as·

186 1487 266 1552 sutis
289 1491 405 1572 pannis
427 1491 503 1553 dist'
480 1493 615 1556 tinxerit
636 1501 729 1574 atque
752 1493 1080 1574 corruperit..

268 1590 365 1674 Apud
389 1591 576 1676 Sophoclem
602 1594 699 1674 igitur
720 1595 767 1658 ιιι
791 1595 900 1658 fabula
923 1593 1096 1667 exorditur,
1119 1598 1155 1655 nt
1177 1591 1347 1654 multitudo
1363 1590 1449 1656 The-

185 1687 272 1755 bana
292 1693 467 1777 supplicum
490 1694 664 1777 insignibus
688 1703 801 1759 ornata
826 1695 974 1777 OEdipum
998 1714 1102 1776 regem
1124 1694 1220 1768 adeat
1242 1684 1376 1776 eumque
1391 1713 1449 1775 per

185 1794 381 1857 sacerdotem
414 1795 570 1877 quendam
592 1805 672 1872 oret,
695 1803 731 1859 nt
753 1816 809 1879 pro
832 1797 970 1880 pristine
991 1796 1076 1859 illins
1098 1793 1259 1877 sapientie
1282 1802 1374 1876 atque
1400 1795 1448 1856 ie-

185 1891 319 1970 licitate,
352 1915 445 1977 quam
478 1915 496 1958 a
528 1897 670 1980 Sphinge
703 1898 833 1961 liberati
866 1896 1049 1971 sensissent,
1082 1915 1161 1962 nunc
1187 1913 1308 1978 quoqne
1328 1894 1447 1976 duplici

185 2011 351 2076 corporum
386 2007 417 2060 et
449 2016 596 2080 agrorum
628 2006 717 2081 peste
748 1998 908 2062 laboranti
941 1997 1057 2081 populo
1091 2005 1262 2060 succurrat.
1305 1983 1358 2059 Ad
1381 1995 1449 2060 hac

183 2093 238 2157 ille
260 2096 293 2160 id
316 2097 418 2180 ipsum
439 2119 474 2162 se
497 2118 590 2183 quum
614 2100 751 2163 maxime
774 2119 866 2182 agere
889 2105 1025 2163 testatus
1049 2135 1087 2146 -
1101 2097 1448 2180 namillossuaqnem-

184 2215 242 2277 que
276 2200 491 2264 tantummodo
524 2201 608 2264 mala
636 2203 793 2283 perferre;
820 2201 860 2264 ad
883 2221 916 2264 se
939 2220 1015 2264 vero
1038 2221 1130 2264 unum
1154 2199 1291 2262 omnium
1309 2199 1447 2288 ¹calami-

183 2305 268 2360 tates
290 2301 456 2381 pervenire
478 2338 518 2350 -
540 2303 582 2366 ad
604 2303 787 2384 Apollinem
815 2323 850 2366 se
870 2305 935 2384 Jcm
959 2301 1081 2385 pridem
1104 2301 1142 2363 de
1166 2299 1318 2364 communi
1340 2298 1446 2362 salute

183 2399 377 2465 sciscitatum
411 2401 584 2468 Creontem.
601 2405 735 2472 fratrem
758 2405 865 2468 uxoris
880 2404 1028 2468 ostendit
1051 2403 1196 2478 misisse;
1219 2399 1338 2480 mirari,
1361 2400 1445 2483 qnod

183 2501 321 2564 nondum
354 2505 531 2570 reverterit
575 2505 641 2568 Vix
670 2507 767 2570 desiit
789 2507 886 2588 loqui,
909 2524 1004 2588 qunm
1028 2504 1161 2568 advenit
1183 2503 1287 2574 Creon
1308 2508 1446 2565 sortem-

183 2619 241 2682 que
274 2614 435 2686 acceptam
468 2606 500 2670 in
534 2607 669 2670 medinm
702 2608 837 2689 profert:
871 2625 934 2689 qua
968 2605 1098 2669 liberari
1120 2604 1270 2687 populum
1292 2600 1445 2684 religione

182 2701 256 2765 [ιιι
279 2705 362 2787 regis
390 2705 485 2770 occisi
503 2707 644 2787 jubente,
666 2708 871 2784 sollemnibus
894 2707 1002 2770 verbis
1027 2705 1172 2788 OEdipus,
1194 2704 1246 2788 qni
1261 2703 1375 2768 Laium
1393 2723 1444 2768 re-

182 2821 252 2884 gem
286 2805 447 2885 occiderit,
481 2809 509 2872 si
542 2809 611 2891 ipse
637 2830 672 2873 se
693 2810 854 2884 indicarit,
877 2827 1012 2890 poenam
1035 2827 1098 2871 non
1119 2807 1202 2871 ultra
1223 2805 1445 2880 exilium-sta-
1473 2795 1481 2892 ’ὴ

181 2904 254 2978 tuit,
276 2906 304 2970 si
328 2908 398 2991 quis
420 2917 526 2973 antem
549 2919 662 2992 auctor
682 2911 778 2976 caedis
800 2911 983 2984 consciusve
1006 2929 1071 2974 rem
1095 2927 1136 2972 ex
1157 2907 1318 2971 industria
1340 2906 1445 2972 occul-

180 3007 310 3082 taverit,
343 3028 427 3092 aque
461 3020 492 3076 et
524 3011 590 3096 igni
623 3012 797 3077 interdicit.
841 3013 920 3077 Τιιιι
954 3011 1126 3095 quastione
1160 3009 1255 3072 caedis
1282 3007 1443 3090 instituta,

182 3107 330 3190 quoniam
363 3120 454 3176 tanto
488 3120 562 3176 ante
588 3123 778 3196 perpetrator
801 3114 846 3176 rei
870 3113 1058 3177 oblitterata
1079 3117 1239 3174 vetustate
1262 3110 1355 3192 signi
1377 3128 1441 3172 non

181 3207 274 3273 facile
296 3213 504 3294 reperiantur,
527 3216 658 3279 consilio
688 3223 824 3290 catcrvae
847 3235 922 3279 usus
944 3213 1113 3288 Tiresiam,
1135 3230 1249 3275 caecum
1273 3209 1361 3295 illum
1382 3227 1443 3272 va*
1476 3297 1480 3308 .

181 3315 256 3385 tem,
274 3311 369 3392 J'ubet
391 3316 520 3379 arcessi.
554 3314 618 3390 Qui
640 3317 814 3380 honorifice
836 3317 877 3379 ab
901 3316 1019 3397 OEdipo
1035 3314 1225 3394 appellatus,
1239 3305 1441 3392 simulatque,

181 3411 253 3496 quid
276 3433 296 3478 a
317 3433 351 3478 se
374 3424 576 3500 quereretur,
598 3419 731 3502 accepit,
754 3401 1083 3481 iocosius-lunestom
1108 3414 1311 3486 oblivionem,
1334 3411 1441 3492 quaid

162 3513 241 3576 ¹sibi
275 3515 447 3582 excidisset
479 3539 495 3582 e
522 3529 635 3596 mente,
658 3521 739 3602 quod
762 3522 905 3582 futurum·
923 3537 991 3581 esse
1014 3516 1131 3597 optime
1154 3515 1259 3588 sciret,
1281 3521 1386 3578 tecere
1409 3521 1441 3576 et
1478 3579 1483 3593 ,

180 3614 269 3680 abire
301 3617 381 3682 velle
415 3630 613 3702 perseverem
587 3623 747 3684 tdonec
769 3619 985 3684 vehementius
1010 3616 1158 3698 OEdipo
1150 3621 1300 3691 rusttune,
1322 3633 1439 3696 expro-

179 3715 290 3780 brante
320 3718 416 3784 etiam
449 3721 565 3786 lentum
599 3741 788 3806 segnemque
811 3721 844 3784 in
867 3721 981 3784 ciuium
1005 3718 1099 3782 malis
1121 3717 1271 3792 animum,
1293 3715 1345 3778 ira·
1364 3723 1439 3778 tan·

179 3817 250 3880 dem
274 3819 315 3880 ad
338 3822 544 3902 aperiundum
568 3824 735 3886 ueritatem
757 3823 937 3904 provectus,
959 3840 1020 3884 non
1043 3820 1135 3882 modo
1159 3838 1227 3882 eum
1249 3816 1353 3900 ipsum
1368 3835 1437 3879 esse

178 3918 279 3994 illum,
304 3921 357 4005 qui
381 3931 550 4004 quaeratnr,
571 3925 644 3988 Laii
667 3925 902 3988 interfectorem
924 3921 1074 3995 ostendit,
1096 3921 1163 3995 sed,
1186 3939 1278 4002 quum
1302 3907 1438 3998 OEdipus

179 4021 373 4085 conscientia
395 4024 487 4088 nixus
510 4024 661 4090 indicium
685 4027 751 4107 ejus
774 4030 961 4107 aspernetur
983 4030 1076 4104 atque
1092 4021 1189 4084 etiam
1200 4039 1305 4103 ipsum
1320 4018 1438 4081 falsum

177 4119 255 4184 illud
288 4123 407 4188 crimen
436 4145 500 4189 nna
522 4145 590 4190 cnm
613 4127 748 4192 Creonte
771 4125 969 4208 opprimendi
991 4124 1041 4186 sui
1064 4141 1161 4186 causo
1183 4113 1335 4184 eohflasse
1358 4118 1438 4181 insi·

178 4223 289 4300 mulat,
311 4225 448 4308 reliquas
471 4247 592 4310 quoque
616 4228 760 4292 miserias
783 4228 861 4308 ejus,
883 4227 1035 4291 incestum
1060 4222 1172 4287 matris
1192 4221 1381 4303 conjugium,
1398 4219 1438 4280 li-

179 4323 326 4388 berorum
349 4328 517 4392 nefandam
540 4329 702 4412 originem,
723 4323 862 4393 futuram
886 4328 1058 4392 caecitatem
1072 4333 1106 4388 et
1127 4323 1271 4388 exsilium
1287 4320 1438 4386 enuntiat.

176 4424 229 4487 Ex
248 4425 405 4508 Sophocle
427 4430 591 4494 hactenus.
1272 4471 1277 4482 ·

259 4526 356 4610 Apud
379 4529 532 4596 Senecam
555 4531 692 4614 primum
716 4531 853 4613 OEdipns
874 4539 907 4592 et
928 4531 1051 4594 Iocaste
1074 4524 1269 4608 procedunt3
1284 4542 1344 4604 quo
1357 4527 1437 4584 tem·

176 4647 255 4711 porc
288 4630 426 4714 OEdipns
458 4635 629 4698 decantato
659 4631 715 4695 illo
744 4634 782 4696 de
805 4633 886 4694 lalso
909 4628 998 4714 regni
1021 4628 1142 4708 fulgore
1165 4625 1334 4689 tritissimo
1356 4622 1438 4697 loco,

176 4739 243 4794 tum
275 4731 433 4814 Delphica
463 4742 549 4798 sorte
576 4743 830 4808 commemorata,
854 4733 942 4814 quus
965 4730 1113 4795 lallendoe
1136 4746 1231 4792 causa
1253 4723 1438 4890 (qqrinthnm
