3508 5404
330 502 369 556 90
821 497 852 554 0.
875 499 907 554 E.
930 497 1101 556 Sandstrdm.

327 671 442 736 Credas
471 671 535 752 jam
567 669 737 752 perculsum
769 669 919 734 homiuem
952 691 1015 734 esse
1046 681 1137 754 atque
1170 679 1368 754 prostratum:
1400 672 1490 736 immo
1511 682 1588 737 tuuc

327 774 442 854 ipsum,
463 773 643 854 simulatque
664 772 774 852 reginae
793 771 880 852 jussu
902 779 932 835 ot
954 781 1078 835 mortem
1102 782 1132 836 et
1153 773 1290 836 exsilium
1313 775 1377 855 pati
1398 794 1431 837 se
1446 783 1586 856 paratum

327 894 392 936 essa
425 874 569 948 ostendit,
601 872 706 935 iterum
740 873 791 936 illa
819 874 1003 936 convertitur
1029 875 1112 956 eique
1140 883 1204 936 tam
1226 874 1316 938 facile
1337 877 1432 951 cedit,
1464 885 1498 940 ut
1518 886 1587 939 tota

328 975 392 1038 heo
413 976 453 1037 ab
476 995 513 1036 ea
533 974 665 1036 torrendi
694 974 901 1038 tautummodo
933 974 1118 1056 ignavissimi
1149 975 1278 1037 hominis
1311 995 1404 1040 causa
1435 987 1588 1042 commota

328 1077 480 1139 contentio
502 1076 649 1138 videatur.

409 1178 479 1241 Jam
502 1177 675 1259 Eurybates
698 1175 821 1240 advenit
843 1187 874 1242 et
895 1178 962 1259 ipse
985 1175 1222 1258 Agamemnonis
1244 1198 1355 1258 praeco:
1389 1179 1438 1261 qui
1468 1188 1586 1261 tempe-

327 1286 454 1352 statem,
477 1298 534 1360 qua
556 1277 662 1340 classis
685 1285 752 1340 erat
774 1279 911 1354 adflicta,
933 1280 963 1341 in
987 1297 1080 1361 eaque
1103 1277 1208 1359 Ajacis
1223 1278 1302 1342 Oilei
1316 1279 1467 1361 pereuntis
1482 1299 1585 1342 necem

325 1379 479 1442 describit.
522 1380 720 1461 Nequaquam
754 1399 791 1442 ex
824 1381 904 1443 omni
936 1379 1056 1462 quidem
1089 1389 1178 1460 parta
1210 1383 1431 1446 contemnenda
1453 1381 1517 1444 hmo
1537 1390 1585 1448 est

327 1481 460 1548 narratio
483 1499 578 1562 nequa
599 1480 757 1560 ejusmodi,
779 1501 866 1562 quam
889 1482 1029 1564 plancio
1053 1483 1169 1555 eodem,
1191 1501 1249 1563 quo
1271 1483 1386 1564 priores
1408 1475 1586 1563 descriptio-¹

326 1603 396 1656 nes,
428 1602 533 1663 genere
560 1600 665 1663 ponas.
708 1582 805 1644 Multo
828 1584 906 1645 enim
929 1584 1026 1644 miuus
1047 1583 1077 1644 in
1099 1583 1224 1662 siugulis
1246 1585 1336 1646 rebus
1358 1594 1493 1647 moratur
1514 1602 1582 1664 pro·

326 1684 515 1765 graditurque
537 1691 568 1746 et
591 1683 714 1746 celerius
736 1692 769 1746 et
789 1683 980 1766 aequabilius:
1013 1683 1097 1764 cujus
1127 1703 1191 1764 quae
1212 1685 1415 1766 pulcherrima
1436 1687 1581 1763 videntur,

327 1786 531 1868 adjunximus:

569 1885 631 1942 lam
653 1885 720 1942 litus
742 1903 823 1942 omne
844 1886 952 1958 tegitur
972 1888 1002 1943 et
1024 1884 1117 1955 campi
1138 1885 1231 1943 latent

566 1973 603 2030 Et
625 1973 710 2028 dubia
731 1978 832 2043 parent
853 1973 957 2030 montis
978 1973 1045 2029 Idaei
1062 1973 1142 2044 juga.

469 2131 471 2136 Ι
568 2061 604 2116 nt
626 2059 656 2116 id
678 2061 752 2130 quod
773 2081 861 2117 unum
883 2062 1016 2133 pervicax
1038 2060 1111 2116 acies
1133 2059 1224 2128 videt,

566 2146 668 2203 Iliacus
691 2151 755 2204 atra
776 2148 868 2205 fumus
890 2149 1010 2220 apparet
1031 2150 1108 2204 nota.

566 2235 631 2291 Jam
652 2235 726 2291 lassa
748 2235 834 2292 Titan
855 2235 929 2292 colla
949 2234 1095 2291 relevabat
1114 2234 1197 2308 jugo,

566 2322 601 2377 Iu
623 2325 700 2378 astra
718 2325 779 2396 jam
801 2325 850 2380 lux
871 2339 974 2394 prona,
995 2323 1055 2394 jam
1077 2337 1200 2393 praeceps
1222 2321 1292 2378 dies:
1408 2361 1409 2365 η

567 2409 676 2482 Exigua
698 2411 784 2466 nubes
806 2411 915 2467 sordido
938 2427 1061 2465 crescens
1083 2409 1168 2481 globo

566 2497 696 2554 Nitidum
717 2499 842 2555 cadentis
863 2498 995 2568 inquinat
1016 2497 1122 2552 Phoebi
1140 2495 1234 2568 jubar.
1280 2583 1297 2638 8

1119 2603 1146 2641 v.
1170 2585 1271 2639 477-
1301 2584 1330 2640 4.

325 2703 513 2766 Describitur
535 2704 644 2767 deiude
666 2713 846 2784 tempestas:
886 2707 892 2716 '

566 2804 679 2860 Inferna
699 2823 756 2861 nox
777 2808 828 2861 est.
874 2804 1012 2861 Excidunt
1033 2805 1113 2877 ignes
1133 2807 1230 2862 tamen

567 2893 604 2947 Et
625 2894 698 2948 nube
721 2893 811 2950 dirum
833 2891 939 2948 fulmen
961 2893 1030 2948 elisa
1051 2893 1139 2948 micat

567 2980 728 3054 Miserieque
750 2979 820 3034 lueis
841 2981 925 3036 tauta
946 2979 1062 3035 dulcedo
1084 2982 1126 3036 est
1148 2980 1242 3035 mala:

567 3066 627 3122 Hoc
650 3066 745 3122 lumen
767 3070 878 3136 optant.

1118 3172 1145 3209 v.
1171 3152 1329 3208 515-18.

325 3269 476 3333 Praeclara
508 3267 615 3350 Ajaois
648 3292 763 3355 quoque
791 3273 965 3354 descriptio,
998 3293 1088 3355 quum
1116 3273 1240 3336 fulmine
1272 3275 1429 3337 ambustus
1451 3280 1483 3336 et
1504 3292 1581 3353 prae-

325 3391 395 3452 ceps
431 3371 465 3432 in
501 3391 582 3435 mare
621 3374 793 3452 devolutus,
831 3376 895 3458 ipse
928 3375 1058 3456 flagrans
1091 3375 1269 3456 flagrantem
1302 3394 1412 3438 narem
1445 3393 1579 3456 compre·

324 3469 444 3535 heudit:

919 3576 996 3632 (leuco
1017 3577 1090 3632 mari

564 3660 691 3718 collucet
712 3661 795 3733 Ajax.
840 3663 928 3720 Omne
950 3663 1109 3735 resplendet
1130 3663 1242 3720 fretum.

1116 3769 1144 3808 v.
1171 3751 1328 3806 too-ot.

325 3864 480 3946 Occupato
514 3886 585 3929 vero
618 3887 691 3949 rupe
724 3869 820 3932 victos
849 3891 868 3933 a
895 3891 927 3934 so
948 3873 1037 3947 deos,
1069 3871 1180 3934 victum
1203 3873 1334 3950 coelum,
1367 3871 1479 3935 victum
1502 3892 1581 3936 mare

323 3966 462 4047 glorianti
1478 3967 1482 3972 ι

565 4069 696 4125 Tridente
717 4087 815 4140 rupem
837 4073 945 4129 subruit
967 4073 1077 4143 pulsam
1099 4075 1181 4143 pater

565 4157 713 4226 Neptunus
733 4157 797 4212 imis
817 4175 930 4214 exerens
952 4159 1033 4215 undis
1054 4164 1140 4230 caput
1281 4223 1291 4232 g

565 4241 710 4312 Solvitque
732 4249 856 4300 montem
878 4263 960 4315 quem
982 4246 1083 4302 cadens
1105 4265 1197 4302 secum
1218 4248 1287 4302 tulit

564 4331 706 4401 Terraque
728 4333 757 4386 et
779 4332 844 4403 igne
866 4334 957 4391 victus
978 4337 1008 4390 et
1029 4335 1131 4406 pelago
1150 4337 1236 4406 jacet.

1115 4439 1142 4478 v.
1168 4422 1328 4476 574—75.

323 4533 412 4596 Hanc
444 4534 646 4599 narrationem
678 4537 858 4602 Cassandra
886 4541 1019 4622 sequitur
1040 4542 1123 4603 furor
1144 4549 1175 4604 et
1195 4541 1387 4604 vaticinatio:
1410 4539 1460 4621 qui
1483 4540 1581 4615 locus,

323 4654 501 4717 quamquam
524 4638 696 4718 granditate
719 4639 856 4703 nimirum
882 4651 913 4705 et
934 4641 1042 4724 spiritu
1063 4643 1144 4705 nullo
1166 4651 1255 4724 pacto
1278 4662 1344 4706 cum
1367 4640 1514 4724 AEsohylo
1536 4651 1581 4705 est

324 4727 563 4820 comparandus‚'
591 4739 731 4804 imitandi
763 4751 863 4806 tamen
890 4763 959 4807 eum
981 4751 1011 4806 et
1033 4743 1218 4826 exprimendi
1240 4743 1361 4808 minimo
1382 4741 1506 4806 dubiam
1529 4763 1580 4807 co-
