3554 5406
531 525 571 580 De
594 523 625 580 L.
648 524 747 581 Annaei
768 523 880 580 Senecae
901 523 1072 596 'lhagoediia
1417 521 1456 576 25

198 697 367 772 vidiasent,
390 695 516 758 domiuo
539 695 754 758 enuntiarent!
797 695 899 759 Unam
923 715 988 758 rem
1012 715 1091 769 esse,
1115 713 1182 776 quae
1204 701 1290 757 tutos
1312 713 1459 756 securoa-

199 817 259 880 que
283 805 429 880 prestet:
464 797 505 860 ab
529 796 613 860 omni
636 796 707 859 labe
730 815 843 878 puram
867 805 900 859 et
922 797 1079 877 integram
1104 803 1249 860 mentem.
1292 794 1458 876 Improbu-

200 919 268 962 rum
290 917 365 962 vero
387 898 516 972 scelera,
539 897 681 980 quamvis
703 898 817 960 callide
841 898 1043 974 occultentur,
1067 897 1209 972 eandem,
1230 895 1459 978 quaomniaa-

199 1001 375 1082 pariantur,
392 1007 595 1062 uetustatem
617 1019 655 1062 ac
677 999 759 1062 diem
782 999 815 1061 iu
838 999 936 1063 lucem
959 1001 1140 1081 producere.
1183 999 1254 1062 Hoc
1275 999 1308 1060 in
1331 1016 1459 1061 numero

199 1120 369 1183 numquam
392 1119 426 1162 ae
448 1101 595 1164 futuram.

285 1203 405 1266 Contra
439 1203 559 1276 nutrix,
581 1211 748 1284 postquam
781 1222 820 1266 ex
842 1201 943 1284 primo
966 1207 1087 1264 terrore
1109 1201 1232 1262 animos
1255 1197 1384 1281 recepit,
1406 1216 1460 1262 sa-

200 1301 259 1366 luti
282 1302 413 1366 dominae
435 1322 527 1385 quam
551 1303 713 1384 pudicitiae
735 1304 854 1366 servire
877 1303 1031 1385 paratior,
1054 1302 1162 1377 multa,
1185 1299 1461 1364 curPhaedrasibi

151 1411 156 1416 ’
201 1403 373 1484 indulgeat,
397 1405 537 1467 lanarum
560 1424 645 1466 more
668 1405 838 1469 disserere:
862 1404 944 1488 quod
967 1411 1060 1478 amet,
1084 1403 1162 1466 nihil
1183 1401 1360 1465 inauditum
1375 1403 1461 1466 acci-

200 1505 294 1580 disse,
317 1505 396 1568 nihil
423 1512 540 1588 praeter
561 1505 828 1581 consuetudinem,
850 1505 930 1568 nihil
953 1506 1092 1586 dignum,
1114 1505 1198 1587 quod
1221 1512 1321 1568 morte
1344 1505 1462 1586 punia-

198 1613 259 1670 tur.
302 1606 458 1669 Venerem
481 1607 632 1687 impetum
662 1607 693 1670 in
716 1608 804 1671 illam
826 1607 954 1670 iecisse:
977 1607 1027 1669 oui
1049 1606 1183 1669 instanti
1206 1605 1234 1668 ei
1256 1605 1371 1668 leniter
1392 1625 1461 1670 ees-

199 1707 290 1782 seris,
312 1707 436 1770 facilem
460 1727 528 1770 eam
553 1707 674 1772 habeas
698 1716 731 1771 et
747 1708 935 1789 jucundam:
948 1707 997 1770 sin
1009 1717 1113 1770 autem
1128 1706 1283 1770 restiteris
1295 1713 1461 1770 contuma-

198 1809 289 1884 citer,
321 1810 487 1891 superbam
512 1816 608 1891 atque
630 1809 875 1873 intractabilem.
917 1809 1057 1873 Deorum
1081 1828 1202 1891 quoque
1225 1827 1347 1872 amores
1370 1809 1462 1872 labu-

199 1909 240 1974 lis
274 1909 442 1973 celebrari:
476 1911 551 1992 quin
583 1909 680 1974 etiam
709 1911 800 1976 Jovis
823 1919 933 1992 stupra
952 1910 1085 1991 jactari:
1109 1929 1188 1993 quos
1209 1917 1318 1974 tamen
1339 1909 1462 1972 versari

199 2011 232 2072 in
266 2011 376 2074 eodem
409 2012 527 2075 honore
562 2031 621 2093 quo
655 2019 751 2075 antea
783 2031 881 2094 neque
916 2013 955 2076 ob
978 2031 1048 2074 eam
1071 2030 1197 2075 oausam
1220 2019 1277 2074 aut
1298 2011 1462 2074 hominum

201 2120 257 2174 aut
280 2112 406 2175 deorum
428 2113 557 2193 pudere.
601 2113 764 2176 Preterea
785 2133 901 2196 paucas
925 2131 994 2177 esse
1018 2113 1139 2188 domos,
1163 2131 1239 2195 quas
1262 2133 1325 2176 non
1347 2111 1463 2175 illicita

200 2213 373 2296 aliquando
398 2213 634 2278 conturbaverit
655 2213 781 2278 Venus:
805 2214 860 2278 aed
885 2235 937 2278 eos
961 2233 1083 2278 errores
1098 2233 1161 2278 non
1178 2213 1334 2294 divulgari
1349 2213 1462 2290 solere,

199 2315 266 2388 aad,
288 2323 324 2378 nt
348 2333 469 2397 aequum
492 2317 545 2391 ait,
567 2315 694 2378 ailentio
716 2317 828 2398 premi.
871 2316 1012 2380 Proinde
1035 2316 1172 2380 desistat
1193 2316 1232 2378 de
1253 2325 1354 2378 morte
1377 2315 1463 2396 cogi-

199 2424 285 2479 tare:
319 2423 471 2498 sequatur
505 2417 726 2480 adhortantem
750 2425 783 2480 et
804 2418 968 2481 ducentem
992 2417 1098 2480 deam:
1121 2436 1226 2480 amare
1249 2417 1383 2498 denique
1405 2435 1465 2480 au-

201 2517 288 2580 deat!
312 2525 420 2582 tenere
442 2537 476 2580 ae
499 2517 729 2581 medicamenta
752 2519 852 2581 multa
874 2528 906 2582 et
928 2518 1077 2594 remedia,
1099 2519 1213 2601 quibus
1235 2519 1268 2582 in
1290 2517 1402 2582 melius
1420 2517 1462 2582 il-

202 2619 256 2682 lud
280 2619 395 2682 malurn
418 2613 565 2682 vertatur
585 2628 680 2701 atque
699 2620 877 2701 jucundius.

284 2721 329 2783 At
351 2721 488 2784 Phaedra
509 2739 609 2803 neque
631 2721 680 2784 his
704 2721 884 2785 rationibus
905 2722 944 2784 de
967 2721 1125 2786 sententia
1137 2719 1301 2784 deducitur
1316 2729 1356 2796 et,
1370 2728 1462 2804 post-

200 2841 293 2903 quam
316 2821 441 2884 addidit
462 2823 569 2884 nutrix
591 2843 652 2886 non
678 2823 730 2885 hic
751 2843 828 2906 opus
852 2843 920 2886 esse
942 2822 1101 2905 superbie,
1123 2824 1179 2886 aed
1201 2821 1369 2906 Hippolyti
1391 2822 1462 2886 ani-

199 2941 282 2985 mum
304 2923 532 3005 explorandum
555 2943 623 2986 ease
646 2924 909 3006 quamprimum,
932 2943 968 2988 eo
991 2943 1088 3007 usque
1110 2924 1302 3006 indignitate
1315 2924 1361 2988 rei
1376 2943 1462 2988 com-

199 3030 353 3101 movetur,
368 3033 403 3088 ιιι
424 3025 457 3086 in
480 3032 667 3107 perpetuum
690 3045 759 3088 eam
781 3026 819 3088 de
842 3026 905 3089 ista
928 3046 961 3089 re
983 3035 1088 3090 tacere
1106 3026 1228 3108 jubeat.
1268 3025 1306 3088 ln
1320 3025 1478 3089 ordinem*

197 3124 297 3206 igitur
329 3132 440 3188 coacta
473 3125 590 3190 habere
612 3146 646 3190 se
679 3127 827 3209 quiddam
850 3128 1031 3205 ementitur,
1052 3148 1112 3210 quo
1135 3127 1224 3190 salvo
1248 3126 1380 3190 dominre
1402 3147 1462 3209 pu-

201 3226 277 3289 dore
299 3225 421 3305 eripere
444 3247 513 3290 eam
536 3247 576 3290 ex
598 3229 745 3309 prasenti
768 3229 851 3292 malo
881 3229 994 3311 possit.
1038 3229 1098 3294 Oui
1121 3229 1206 3293 oedit
1226 3227 1363 3291 Phaedra
1385 3247 1462 3290 cun-

199 3327 361 3391 ctabunda
393 3335 424 3392 et
457 3348 555 3410 usque
587 3329 630 3392 ad
663 3337 836 3394 extremum
868 3329 1007 3394 sollicita
1029 3349 1086 3395 nec
1108 3349 1183 3394 vero
1205 3336 1280 3392 ante
1303 3336 1404 3393 totam
1426 3347 1461 3392 ee
1555 3395 1557 3416 ὲ

199 3428 311 3503 tradit,
335 3449 429 3512 quam
452 3430 508 3493 illa
529 3430 610 3493 nihil
630 3431 808 3515 Hippolyto
831 3433 1067 3496 enuntiatorem
1088 3451 1122 3494 ae
1145 3449 1212 3494 esse
1234 3430 1387 3512 promisit.

284 3528 378 3602 Quod
409 3532 599 3613 promissum
634 3534 833 3616 quambene
866 3533 927 3597 lide
950 3542 1109 3597 servatum
1130 3533 1186 3607 sit,
1207 3531 1296 3596 brevi
1319 3540 1461 3616 tempore

200 3631 372 3712 cognoscit.
415 3633 597 3697 Exauditae
629 3635 711 3698 euim
734 3635 837 3717 primo
860 3653 899 3697 ex
920 3634 1039 3698 adibus
1062 3635 1179 3699 clamor
1200 3634 1407 3698 vociferantia
1430 3643 1462 3698 et

200 3732 357 3796 nutricem
381 3733 577 3816 objurgantis
598 3736 785 3819 Hippolyti3
818 3755 907 3817 quem
931 3735 1100 3800 clamorem
1121 3735 1313 3816 simulatque
1336 3735 1463 3798 audivit

200 3833 346 3909 Phaedra,
377 3835 488 3898 atatim
510 3837 618 3899 omnia
642 3838 727 3900 mala
749 3836 940 3919 presagiens
961 3847 1125 3920 peractum
1149 3837 1187 3900 de
1209 3856 1279 3899 sese
1302 3855 1370 3900 ease
1393 3836 1461 3900 cla·

202 3945 284 4011 mat;
317 3955 391 3998 mox
417 3936 566 4019 irrumpit
587 3938 655 4020 ipse
678 3945 825 4021 aequente
847 3939 969 4002 nutrice
992 3939 1169 4021 iratumque
1192 3941 1312 4003 frustra
1332 3938 1460 4020 placare

201 4045 345 4100 conante.
388 4037 446 4101 Ille
478 4057 554 4100 vero
588 4041 721 4122 primum
744 4040 777 4102 in
799 4041 951 4103 nutricem
973 4040 1176 4104 vehementer
1197 4039 1372 4115 invehitur3
1394 4047 1461 4102 tum

200 4137 235 4201 in
258 4137 438 4202 uniuersum
461 4139 612 4204 muliebre
634 4161 731 4223 genus
764 4141 893 4205 insitum
917 4142 1023 4205 odium
1046 4149 1198 4223 perpetua
1220 4141 1361 4204 oratione
1383 4159 1461 4203 evo-

201 4239 275 4301 mit:
308 4239 468 4304 concludit
490 4247 596 4304 autem
617 4242 675 4317 ita,
696 4251 732 4307 ut
754 4241 850 4318 dicat,
871 4263 910 4306 ne
932 4249 1055 4325 patrem
1077 4243 1214 4306 omnium
1236 4260 1339 4305 rerum
1362 4241 1461 4304 iaciat

202 4339 380 4416 certiorem,
399 4341 604 4423 jurejurando
627 4363 661 4407 aa
684 4344 804 4406 aclide
826 4343 942 4420 teneri3
964 4353 1107 4426 spectare
1129 4351 1236 4406 tamen
1259 4343 1461 4424 perlubenter

202 4440 295 4516 velle,
318 4461 380 4524 quo
411 4443 543 4508 tandem
579 4445 669 4508 vultu
701 4446 767 4508 sint
798 4445 970 4508 adventum
999 4446 1066 4526 ejus
1090 4452 1277 4527 exceptura.
1321 4442 1385 4514 Qui
1407 4441 1460 4505 ubi

202 4541 360 4618 discessit,
393 4545 529 4607 Phaedra
561 4546 665 4609 soluta
691 4554 819 4628 stupore
843 4553 939 4628 atque
960 4545 1098 4620 silentio,
1120 4547 1153 4609 in
1177 4565 1238 4629 quo
1261 4545 1332 4627 ipso
1355 4561 1461 4606 coram

203 4642 265 4706 fnit
298 4644 414 4721 delixa,
439 4654 605 4710 exsecrata
627 4647 793 4723 nutricem,
815 4649 904 4729 cujus
927 4647 1099 4712 sedulitate
1120 4647 1314 4729 perfidiaque
1334 4663 1461 4727 pessum

203 4744 281 4808 dats
312 4745 366 4822 sit,
388 4745 553 4831 omniaque
586 4750 654 4831 ejus
686 4749 821 4814 consilia
847 4756 1030 4832 aspernata,
1052 4757 1219 4832 postquam
1238 4745 1461 4828 jusjurandum

1309 4848 1330 4910 4
