3508 5404
534 535 575 590 De
596 535 628 591 L.
650 536 750 592 Annmi
771 533 880 592 Seneca
902 535 1073 606 'l'ragoediis
1397 536 1434 590 87

181 703 308 768 nemisse
331 713 362 767 et
381 697 422 768 ad
444 723 528 768 aram
549 705 579 768 iu
602 704 691 769 Atrei
712 706 831 768 domum
854 705 1037 786 confugisse3
1069 725 1191 787 eamque
1223 724 1313 788 quum
1346 705 1438 768 nollet

182 806 347 887 relinquere
379 815 469 887 atque
503 807 592 870 etiam
615 806 736 888 Aerope
757 806 787 868 in
811 806 988 870 societatem
1011 814 1180 887 assumpta,
1203 825 1328 888 quacum
1352 815 1438 870 vete-

181 925 244 971 nem
265 905 362 988 stupri
383 907 626 971 cousuetudinem
650 907 821 980 habuisset,
845 927 940 970 novas
961 907 992 970 in
1015 908 1108 970 vitam
1131 928 1169 970 an
1192 925 1314 988 regnum
1337 907 1437 970 fratris

180 1007 308 1072 iusidias
339 1015 534 1088 temptasset,
565 1019 629 1072 tum
652 1008 777 1090 denique
798 1027 863 1072 eam
885 1027 1028 1090 poenam,
1060 1028 1148 1090 quarn
1171 1007 1317 1082 vidimus,
1351 1009 1437 1071 fratri

180 1108 309 1172 dedisse.
351 1105 437 1180 Quas
459 1109 577 1191 quidem
599 1108 714 1173 Seneca
736 1129 782 1172 res
804 1128 861 1172 non
878 1110 965 1171 modo
979 1109 1089 1172 idcirco
1106 1109 1222 1182 omisit,
1244 1119 1294 1184 ut,
1312 1108 1343 1171 id
1357 1111 1436 1192 quod

180 1209 315 1274 studiose
346 1229 412 1272 euru
446 1229 565 1291 semper
597 1209 737 1274 factitare
770 1210 919 1284 videmus,
951 1210 1019 1291 plus
1046 1210 1104 1272 sibi
1131 1210 1224 1292 spatii
1245 1211 1284 1272 ad
1306 1209 1436 1274 locorum

182 1309 382 1374 communium
405 1311 595 1392 splendorem
619 1312 846 1392 ubertatemque
869 1311 1059 1392 relinqueret,
1093 1331 1194 1373 uerum
1217 1311 1323 1387 etiam,
1346 1311 1436 1393 quod,

182 1411 264 1474 sicut
283 1411 401 1474 Iasonis
422 1411 519 1475 scelus
542 1413 728 1476 attenuando
751 1413 888 1474 Medeam
912 1413 985 1475 fecit
1012 1411 1242 1486 horribiliorem,
1272 1411 1317 1474 sic
1348 1411 1437 1475 Atrei

168 1511 388 1576 ¹crudelitatem
408 1512 688 1595 immanitatemque
710 1514 812 1594 augeri
834 1513 965 1595 putavit,
997 1513 1024 1576 si
1046 1533 1113 1576 eum
1136 1532 1194 1576 uon
1217 1513 1301 1576 novis
1322 1511 1439 1576 insidiis

181 1612 370 1688 lacessitum,
401 1615 455 1676 sed
488 1623 589 1678 vetere
610 1623 729 1678 tautum
752 1614 819 1676 odio
841 1624 1020 1678 commotum
1042 1621 1107 1676 tam
1130 1613 1276 1678 nefarium
1298 1615 1438 1677 commit-

182 1722 295 1777 tentem
327 1714 430 1778 scelus
458 1715 586 1778 lecisset
630 1715 711 1778 Nam
739 1735 805 1796 quae
834 1716 948 1796 optimo
970 1716 1075 1797 cuique
1097 1722 1194 1796 poetae
1215 1714 1246 1778 in
1269 1714 1325 1778 hoe
1346 1736 1437 1796 argu-

182 1823 284 1878 mento
306 1814 470 1878 difficultas
491 1817 586 1880 videri
609 1816 739 1880 debebat
762 1817 806 1878 vel
829 1816 977 1893 maxima,
1009 1818 1087 1898 quod
1109 1826 1175 1880 tota
1196 1836 1243 1878 res
1266 1835 1327 1880 non
1350 1817 1437 1878 niodo

182 1925 270 1979 extra
292 1916 397 1991 fidem,
429 1918 481 1980 sed
504 1917 596 1980 etiam
618 1927 705 1980 extra
727 1927 866 1980 naturam
888 1918 989 1998 posita
1010 1937 1077 1980 esse
1101 1918 1268 1992 videbatur,
1301 1937 1366 1980 eam
1389 1918 1438 1980 hie

182 2035 242 2080 uon
265 2017 353 2079 ruodo
376 2037 433 2080 nou
457 2037 609 2082 removere
630 2027 686 2082 aut
707 2018 851 2094 minuere,
872 2018 925 2081 sed
947 2021 1036 2082 etiam
1058 2018 1216 2102 complecti
1238 2030 1269 2081 et
1289 2019 1327 2081 de
1348 2018 1438 2081 indu-

181 2117 258 2180 stria
280 2136 386 2198 augere
409 2119 554 2184 instituit:
576 2120 626 2202 qui
648 2129 680 2182 et
700 2120 854 2203 Thyesten
875 2121 990 2183 inducit
1002 2121 1128 2195 bonum,
1151 2121 1286 2201 probum,
1301 2120 1340 2182 ab
1356 2120 1438 2182 omni

183 2218 348 2282 ambitione
370 2230 533 2296 remotum,
554 2223 647 2284 talem
671 2217 814 2302 denique,
836 2221 934 2304 qualis
955 2221 981 2283 si
1000 2241 1031 2284 re
1046 2241 1118 2283 uera
1133 2221 1253 2296 fuisset,
1275 2241 1437 2302 numquam

182 2321 318 2402 profecto
341 2321 429 2384 fratri
451 2341 544 2403 neque
567 2343 688 2402 regnum
712 2323 825 2403 eripere
848 2343 943 2404 neque
965 2342 1089 2386 uxorem
1111 2342 1299 2404 corrumpere
1325 2323 1438 2384 voluis-

183 2429 247 2496 set,
280 2429 311 2484 et
343 2421 374 2484 in
404 2421 495 2486 Atrei
517 2443 646 2504 persona
667 2443 733 2486 cum
755 2423 808 2486 illa
830 2424 941 2487 ferocia
962 2433 993 2486 et
1014 2425 1206 2497 crudelitate,
1237 2442 1325 2504 quam
1348 2441 1437 2504 argu-

182 2530 316 2584 mentum
349 2524 521 2587 necessario
553 2525 744 2606 postulabat,
777 2525 932 2605 conjungit
957 2545 1040 2599 eam,
1072 2545 1137 2606 quae
1166 2524 1204 2586 ad
1227 2543 1325 2586 rerum
1348 2524 1437 2586 fldem

172 2642 243 2686 ,nou
265 2633 330 2687 erat
352 2624 761 2699 necessaria,ioedissima1u
784 2626 895 2688 amoris
921 2635 952 2689 et
979 2625 1174 2690 mollitudinis
1202 2623 1438 2699 simulationem,

183 2743 248 2804 quae
269 2724 335 2805 plus
358 2743 445 2808 quam
468 2726 605 2790 humanae
627 2748 663 2790 ac
684 2727 772 2808 plane
795 2728 934 2808 gratuita·
956 2727 1081 2790 malitiae
1103 2727 1229 2790 videtur.
1262 2725 1337 2789 Haec
1351 2725 1441 2807 igitur

182 2825 431 2890 manifestarum
454 2826 570 2890 Graecis
593 2828 824 2909 deprehenditur
845 2827 1070 2892 dissimilitudo:
1093 2848 1159 2910 quae
1176 2835 1341 2908 sequuntur
1358 2846 1440 2903 vero,

182 2925 332 2989 rationem
354 2927 469 2991 habent
491 2927 645 3010 aliquanto
667 2929 880 2992 obscuriorem.
923 2930 994 2992 Non
1021 2939 1122 2992 tamen
1145 2929 1345 2992 dubitaverim
1367 2949 1441 2992 con-

181 3026 306 3091 tendere
328 3047 422 3110 neque
444 3029 573 3110 primum
595 3031 678 3094 illum
693 3040 810 3106 actum,
831 3030 883 3094 ubi
897 3030 1020 3094 Tantali
1034 3049 1135 3094 manes
1151 3031 1340 3104 inducuntur,
1361 3031 1439 3111 quod

183 3127 283 3192 lumen
306 3128 395 3209 hujus
417 3131 576 3212 tragoedia
597 3151 661 3194 esse
683 3132 880 3196 clarissimum
903 3133 1049 3206 diximus,
1072 3151 1168 3213 neque
1189 3129 1278 3194 Atrei
1300 3150 1367 3194 cum
1389 3150 1441 3194 sa·

183 3229 280 3293 tellite
303 3230 496 3312 colloquium,
521 3229 598 3314 quod
620 3233 664 3295 rei
686 3233 872 3314 exponendae
894 3253 988 3297 causa
1009 3233 1181 3306 inductum,
1215 3231 1441 3294 declamationis

184 3330 277 3394 habet
299 3331 403 3406 nimis,
436 3334 578 3396 utilitatis
600 3335 638 3396 ad
661 3335 808 3414 negotium
832 3333 1067 3415 promovendum
1090 3352 1213 3414 parum,
1245 3333 1325 3413 apud
1346 3331 1439 3394 ullum

182 3429 298 3496 Graecas
319 3433 482 3513 tragoedia
503 3434 667 3516 principem
690 3434 824 3517 potuisse
839 3435 973 3514 reperiri.
1016 3434 1081 3498 Nec
1096 3453 1166 3496 vero
1181 3451 1339 3515 puerorum
1354 3452 1439 3496 mac-

182 3531 308 3598 tationis
329 3533 392 3597 ulla
412 3535 571 3615 peculiaris
592 3535 673 3616 apud
695 3536 819 3600 Graecos
841 3537 959 3599 videtur
980 3535 1072 3598 luisse
1094 3534 1271 3616 descriptio:
1300 3535 1347 3598 vel
1369 3535 1440 3616 quia

167 3633 301 3698 *lacinus
321 3634 427 3716 iugens
449 3645 482 3699 et
508 3638 603 3720 quod,
623 3637 649 3700 si
672 3655 812 3719 prospere
833 3657 985 3700 cessurum
1004 3645 1098 3710 esset,
1119 3638 1244 3700 deberet
1268 3655 1439 3718 essequam

183 3734 432 3812 occultissimum,
454 3745 526 3800 ante
547 3738 661 3802 exitum
683 3737 785 3820 palam
807 3738 955 3802 enuntiari
977 3738 1050 3802 nihil
1073 3737 1219 3801 attinuit:
1234 3738 1264 3800 in
1286 3737 1440 3819 Euripidis

171 3835 303 3902 'Cressis
334 3837 516 3918 prasertim,
548 3839 600 3902 ubi
621 3839 760 3915 chorum,
792 3859 881 3922 quum
914 3859 952 3902 ex
982 3839 1111 3921 Aeropae
1131 3838 1249 3904 ancillis
1270 3847 1439 3914 constaret,

183 3936 326 4021 Thyestes
357 3939 494 4020 partibus
526 3940 636 4004 favisse
667 3940 826 4004 verisimile
858 3949 921 4006 est:
953 3941 1001 4004 vel
1028 3941 1098 4022 quie
1122 3939 1439 4021 prestantissimomm

183 4039 346 4119 tragoedia
367 4045 547 4120 scriptomm
569 4041 682 4109 rationi
714 4050 746 4105 et
778 4041 837 4105 arti
865 4042 917 4104 vix
945 4051 1179 4106 consentaneum
1207 4041 1327 4105 videtur
1348 4041 1441 4104 fuisse

184 4138 352 4206 distrahere
383 4160 420 4204 ac
446 4141 614 4222 discerpere
636 4162 704 4208 eum
726 4142 897 4218 horrorem,
917 4161 1004 4225 quern
1027 4142 1117 4206 Atrei
1138 4142 1270 4206 facinore
1291 4149 1442 4222 oporteret

182 4240 312 4316 moveri,
333 4249 363 4304 et
390 4241 441 4325 qui
463 4242 546 4306 dolor
567 4243 598 4307 in
619 4244 756 4327 Thyesta
776 4263 835 4308 uno
856 4244 1063 4326 suscipiendus
1088 4253 1185 4320 esset,
1206 4243 1271 4324 ejus
1284 4251 1438 4324 mmquam

183 4341 364 4424 particulam
385 4344 523 4408 derivare
546 4346 584 4407 ad
606 4365 712 4427 pueros
735 4364 772 4410 ao
793 4364 852 4409 uon
873 4353 971 4409 totum
994 4354 1026 4409 et
1046 4345 1196 4425 integrum
1219 4343 1258 4408 ad
1274 4343 1306 4408 id
1321 4352 1439 4424 tempus

183 4461 354 4520 reservare,
385 4463 475 4526 quum
507 4445 672 4529 Thyestes,
705 4445 774 4527 quid
806 4465 914 4527 passus
947 4455 1043 4522 esset,
1074 4447 1247 4510 edoceretur
1269 4445 1308 4508 ab
1330 4443 1439 4520 Atreu3

184 4543 268 4624 cujus
290 4563 328 4608 ex
349 4565 479 4628 persona
500 4581 542 4592 -
562 4547 641 4611 sieut
661 4555 691 4610 et
713 4548 794 4629 apud
825 4546 972 4611 Senecam
1005 4555 1052 4610 est
1083 4557 1115 4611 et
1145 4547 1225 4628 apud
1258 4544 1438 4627 Sophoclem

184 4643 278 4708 luisse
309 4665 349 4708 ex
380 4645 515 4711 Acciano
547 4649 677 4731 quodam
709 4650 878 4730 fragmento
910 4648 1057 4730 suspicari
1084 4648 1156 4712 licet
1176 4681 1216 4696 -
1238 4666 1290 4721 ea,
1316 4645 1440 4728 quade

184 4765 344 4829 puerorum
365 4767 438 4812 casu
459 4757 547 4819 erant
568 4750 711 4826 dicenda,
742 4749 801 4814 dici
822 4758 965 4832 poterant
984 4750 1111 4832 optime,
1139 4755 1174 4812 ut
1193 4747 1221 4810 is
1241 4746 1357 4812 marari
1378 4747 1440 4810 fra-
