3554 5406
567 485 609 542 Dc
630 484 661 541 L.
685 483 783 542 Annei
804 481 914 540 Seneca
935 479 1107 554 l'ragoediis.

449 656 645 728 Quemcunque
666 655 774 712 dederit
795 654 901 712 exitum
922 671 1001 710 casus
1021 653 1122 710 leram:

448 745 560 802 Fortem
582 744 652 800 lacit
674 745 768 802 vicina
787 743 906 798 libertas
927 758 1029 798 senem.
1055 827 1069 882 l
1097 828 1114 882 3
1161 827 1179 882 4

1001 847 1028 885 v.
1076 829 1092 883 4
1120 857 1153 866 -
1183 868 1190 882 .

291 949 385 1013 Nova
415 949 556 1014 Pbaedrae
589 949 707 1025 virtus;
740 950 880 1014 occisura
912 956 963 1011 est
993 948 1157 1022 nutricem,
1184 947 1211 1010 si
1234 947 1310 1030 quid
1332 947 1464 1011 liberius

208 1049 335 1112 dixerit
378 1049 442 1115 Sed
464 1070 671 1131 perseverans
694 1051 750 1114 illa
773 1051 930 1114 dominam
954 1071 974 1114 a
996 1049 1128 1112 libidine
1151 1049 1309 1113 deterrere
1331 1069 1392 1114 non
1414 1057 1465 1112 ta·

208 1169 278 1214 men
312 1151 490 1216 rationibus
522 1153 621 1216 utitur
652 1152 703 1226 iis,
736 1172 803 1235 quse
837 1171 876 1214 ex
908 1152 1026 1234 pudore
1049 1157 1082 1213 et
1103 1151 1269 1213 honestate
1292 1151 1465 1228 ducuntur;

209 1271 271 1314 non
295 1259 375 1327 orat,
397 1261 432 1318 ut
454 1254 590 1335 conjugii
613 1253 831 1327 sanctitatem,
852 1262 887 1316 ut
908 1272 995 1315 suam
1018 1252 1117 1334 ipsius
1141 1252 1267 1328 lamam,
1290 1259 1326 1315 ut
1347 1252 1465 1316 libero-

209 1371 274 1415 rum
309 1351 505 1418 honestatem
539 1355 703 1437 respiciat:
736 1355 834 1437 probe
863 1353 1011 1434 intelligit
1033 1353 1127 1415 aliter
1149 1371 1217 1415 curn
1238 1354 1298 1416 hoc
1319 1354 1464 1436 prodigio

210 1472 279 1517 esse
301 1455 455 1536 agendum
478 1457 569 1539 eique
592 1475 655 1519 non
677 1456 804 1520 sceleris
826 1455 1065 1537 turpitudinem,
1087 1453 1142 1516 sed
1166 1473 1275 1534 poenae
1291 1453 1463 1536 periculum

210 1573 278 1618 esse
299 1555 528 1621 intentandum.
572 1559 781 1621 Demonstrat
802 1556 897 1639 igitur
919 1555 1000 1619 nihil
1023 1575 1101 1630 esse,
1124 1574 1179 1618 cur
1201 1555 1300 1620 latere
1323 1575 1356 1618 se
1371 1576 1465 1637 posse

208 1661 299 1718 tanto
333 1657 365 1720 in
398 1657 515 1721 scelere
544 1666 667 1741 speret3
701 1660 783 1740 quod
814 1659 842 1720 si
876 1677 938 1720 non
961 1666 1053 1738 pater
1075 1656 1141 1737 ejus
1163 1656 1268 1720 Minos
1290 1657 1466 1732 resciverit,

209 1757 352 1820 visuram
385 1765 490 1823 tamen
524 1769 582 1822 ιιι
602 1760 713 1823 matris
736 1779 831 1822 avum
854 1758 1038 1840 Apollinem
1061 1765 1117 1820 aut
1137 1759 1266 1833 Jovem3
1288 1757 1338 1820 sin
1360 1767 1466 1824 autem

209 1859 267 1920 hos
299 1859 387 1940 ipsos
422 1861 524 1924 celare
557 1861 734 1942 contigerit,
761 1869 795 1923 at
827 1867 911 1924 certe
944 1858 1139 1923 conscientia
1160 1859 1287 1922 sceleris
1310 1859 1464 1942 agitatam

208 1979 329 2042 poenas
352 1961 507 2025 daturam.
551 1961 601 2026 Ac
622 1983 661 2028 ne
682 1963 818 2026 Phaedra
840 1962 974 2043 ignoret,
997 1961 1071 2044 qnid
1094 1959 1140 2022 rei
1163 1962 1285 2024 lactura
1306 1961 1365 2025 sit:

450 2063 566 2118 Miscere
587 2064 728 2119 thalamos
749 2063 839 2133 patris
860 2065 889 2118 et
911 2061 992 2132 gnati
1014 2078 1136 2132 apparas

451 2150 591 2221 Uteroque
613 2151 721 2221 prolem
743 2167 843 2220 capere
865 2148 1009 2205 confusam
1029 2148 1136 2218 impio?

1009 2255 1037 2291 v.
1062 2236 1197 2290 176—7.

209 2355 292 2420 Illud
315 2354 430 2419 nutrici
453 2375 520 2419 cum
542 2357 677 2420 Phaedre
700 2377 859 2421 commune
882 2364 941 2434 est,
964 2357 1046 2440 quod
1062 2376 1123 2420 non
1139 2357 1468 2438 delectaturambagi·

212 2457 279 2534 bus,
301 2466 410 2538 aperte
433 2477 554 2537 semper
576 2466 608 2520 ιι
628 2458 726 2521 latine
748 2458 897 2540 loquitur.

293 2559 346 2621 Ad
368 2558 434 2622 haec
456 2565 491 2621 ut
512 2558 649 2623 Phaedra
670 2560 753 2622 idem
780 2561 954 2642 respondit,
978 2560 1062 2644 quod
1085 2559 1130 2623 ait
1151 2559 1265 2622 Medea
1287 2558 1370 2640 apud
1389 2559 1468 2623 Ovi·

211 2660 307 2737 dium,
329 2659 437 2722 videre
460 2679 493 2722 se
516 2661 656 2734 meliora,
679 2661 735 2724 sed
763 2662 875 2744 pejora
897 2662 985 2744 sequi
1008 2661 1191 2742 addiditque
1213 2666 1372 2741 potentem
1397 2681 1466 2725 essa

211 2763 303 2826 deum
325 2761 523 2842 Cupidinem,
546 2763 638 2824 deum
662 2781 730 2825 esse
754 2763 862 2826 nutrix
884 2773 995 2844 negat3
1017 2763 1121 2826 fictum
1143 2762 1176 2824 id
1199 2781 1268 2824 esse
1289 2781 1311 2824 a
1326 2763 1468 2825 mortali-

210 2863 279 2939 bus,
302 2883 362 2946 quo
385 2861 518 2925 liberior
539 2863 596 2926 sub
619 2863 692 2926 falsi
715 2863 849 2927 numinis
862 2865 953 2927 titulo
967 2864 1065 2927 libido
1078 2863 1217 2944 ipsorum
1230 2869 1262 2924 et
1274 2863 1361 2926 luror
1376 2883 1467 2927 exer-

212 2972 342 3028 ceretur.
386 2963 457 3036 Qua
489 2973 594 3028 tameo
627 2966 660 3028 in
694 2984 727 3027 re
761 2965 854 3028 facile
878 2967 1020 3028 Phaedrae
1043 2964 1259 3038 concesserim,
1282 2964 1310 3026 si
1333 2963 1371 3027 dc
1393 2986 1468 3027 seu-

211 3066 311 3130 tcntia
343 3085 405 3128 non
438 3074 594 3143 movetur3
628 3085 727 3148 neque
761 3066 844 3128 enim
873 3087 940 3149 quae
963 3087 983 3130 a
1005 3066 1127 3129 nutrice
1151 3067 1352 3147 proferuntur
1374 3087 1468 3148 argu-

211 3163 329 3243 menta,
351 3166 445 3230 nimis
468 3176 562 3230 acuta
585 3175 640 3230 aut
661 3167 774 3248 gravia
796 3177 885 3231 sunt:

804 3268 857 3323 Ille
878 3286 928 3338 per
950 3268 1059 3324 coelum
1080 3267 1178 3323 volens

452 3353 586 3410 Proterva
607 3357 705 3410 tenera
726 3355 785 3410 tela
807 3355 922 3411 molitur
943 3374 1028 3411 manu

451 3441 634 3514 Regnumque
655 3445 769 3498 tantum
790 3442 922 3498 minimus
943 3459 957 3498 e
980 3441 1085 3512 superis
1106 3441 1203 3496 habet.

1003 3547 1031 3585 v.
1056 3529 1193 3583 204-6.

213 3647 367 3731 Cupidine
401 3655 505 3712 autem
540 3669 556 3712 e
590 3658 680 3713 coetu
707 3650 835 3713 deorum
858 3651 958 3732 ejecto
983 3651 1020 3712 de
1043 3650 1168 3713 luxuria
1191 3649 1317 3731 copiose
1340 3648 1469 3712 disserit

213 3771 254 3814 ex
283 3770 380 3833 eaque
414 3749 521 3813 omnis
553 3751 674 3814 scelera
706 3752 894 3833 profluxisse
923 3751 1011 3826 dicit,
1033 3752 1066 3815 in
1091 3752 1222 3815 modicis
1245 3759 1351 3814 autem
1375 3750 1468 3813 rebus

212 3859 406 3936 temperatas
429 3852 524 3914 etiam
548 3871 616 3915 esse
638 3852 797 3916 libidines.
841 3852 1008 3916 Concludit
1029 3860 1134 3916 autem
1155 3853 1218 3916 ita:

454 3951 526 4019 Quid
548 3953 645 4009 deceat
669 3954 728 4009 alto
749 3953 895 4024 preditam
919 3954 988 4009 solio
1011 3954 1100 4009 vides:

454 4039 548 4095 Metue
569 4057 603 4094 ac
624 4056 718 4096 verere
739 4043 850 4111 sceptra
870 4041 1020 4098 remeantis
1041 4040 1103 4097 viri.

1008 4145 1035 4184 v.
1060 4128 1118 4182 221
1128 4126 1196 4181 -2.

214 4247 305 4312 Nihil
337 4247 420 4329 apud
452 4247 638 4329 Euripidem
662 4249 807 4325 Phaedra,
830 4251 902 4313 dum
925 4269 959 4312 se
982 4249 1053 4330 ipsa
1075 4255 1205 4312 revocat
1227 4247 1266 4309 ad
1289 4245 1469 4320 sanitatem,

215 4351 254 4412 de
287 4349 443 4430 dignitate
476 4368 533 4412 sua
556 4351 658 4430 regia:
686 4351 763 4412 nihil
787 4351 870 4433 quod
894 4351 1010 4434 quaevis
1034 4350 1147 4412 mulier
1168 4348 1377 4430 cujuscunque
1400 4366 1470 4408 sor·

215 4451 268 4526 tis,
302 4469 370 4533 quae
404 4450 528 4531 quidem
562 4450 592 4512 in
620 4450 759 4515 eandem
793 4452 941 4515 inciderit
974 4451 1200 4523 calamitatem,
1230 4470 1291 4512 non
1316 4449 1391 4511 itam
1415 4455 1469 4510 aut

215 4552 316 4634 possit
348 4559 403 4615 aut
436 4551 549 4614 debeat
582 4551 694 4615 dicere.
736 4551 827 4624 Quod
850 4553 1000 4616 hocloco
1024 4552 1113 4634 quasi
1136 4550 1320 4634 praeteriens
1342 4547 1469 4612 notavi:

216 4673 289 4717 nam
313 4662 345 4717 et
362 4654 425 4716 lete
447 4671 498 4715 res
520 4658 610 4733 patet
632 4661 664 4716 ιι
685 4673 773 4717 suum
797 4673 833 4718 ao
854 4653 1015 4739 proprium
1038 4653 1168 4716 habebit
1189 4652 1300 4715 locum.
