3554 5406
518 1341 564 1448 lle
598 1339 628 1448 l.
666 1341 787 1448 lunai
822 1341 962 1450 leucoe
997 1342 1219 1489 lraqoedir'r.

802 1641 920 1712 Scripsit

628 1895 631 1900 .
711 1837 743 1906 t.
768 1838 799 1906 Ε.
822 1838 1014 1907 sanorem.

161 2293 164 2301 s
232 2168 330 2296 Qua
363 2241 462 2284 causa
495 2229 528 2284 ot
559 2221 729 2302 suscipitur
761 2219 853 2284 labor
879 2219 1039 2284 scribendi
1067 2221 1247 2304 plerumque
1274 2229 1306 2284 et
1327 2229 1490 2303 susceptus

231 2329 429 2386 sustentatur
451 2321 616 2398 facillime,
640 2341 732 2404 quum
756 2323 796 2384 ad
820 2341 885 2385 rem
909 2331 964 2384 aut
985 2321 1079 2402 primi
1102 2330 1159 2384 aut
1181 2323 1255 2386 novi
1278 2324 1430 2399 venimus,
1453 2343 1492 2386 es

231 2442 327 2486 causa
349 2423 428 2486 mihi
450 2423 577 2487 Seneca
599 2424 782 2505 tragoedias
805 2423 986 2486 instituenti
1003 2431 1142 2485 tractare
1157 2425 1332 2508 perexigua
1348 2424 1491 2505 contigit.
1601 2455 1606 2464 ,

232 2521 354 2595 Quibus
377 2527 415 2588 de
437 2523 609 2606 tragoediis
632 2531 752 2588 ettam
776 2524 875 2588 multa
897 2532 970 2587 suut
991 2525 1225 2606 scripta,quam
1247 2525 1345 2588 multa
1365 2543 1491 2590 necesse

231 2635 301 2688 erat
328 2626 425 2689 scribi
452 2626 491 2688 de
519 2625 696 2690 litterarum
727 2625 938 2689 monumentis
961 2625 1131 2706 ejusmodi,
1154 2645 1220 2708 qua
1242 2627 1270 2688 si
1292 2627 1492 2702 interissent,

229 2726 309 2790 nibil
331 2728 397 2790 fere
420 2727 506 2790 aliud
530 2735 679 2802 exstaret,
700 2727 791 2802 unde,
804 2727 880 2810 quid
903 2726 934 2788 in
956 2726 1144 2807 gravissimo
1161 2727 1298 2791 omnium
1316 2747 1409 2810 opere
1423 2728 1492 2792 Ro-

230 2846 324 2890 mana
345 2828 521 2891 valuissent
541 2827 678 2910 ingenia,
688 2828 830 2910 judicare
852 2845 1032 2908 possemus3
1056 2836 1087 2890 et
1106 2827 1229 2909 judicia
1250 2838 1326 2892 suut
1346 2838 1412 2892 tam
1430 2849 1491 2893 va-

230 2929 280 2992 ria
305 2929 391 2992 facta
413 2938 541 3011 tamque
565 2929 702 3004 diversa,
725 2948 817 3012 quum
840 2929 902 2991 viri
925 2928 1010 2992 docti
1033 2929 1089 2990 alii
1111 2929 1241 2992 summis
1264 2949 1317 2993 eas
1339 2930 1487 2995 leudibus

228 3029 428 3104 extollerent,
450 3029 506 3092 alii
529 3031 735 3114 repudiarent
755 3049 887 3112 prorsus
909 3049 947 3092 ac
968 3038 1164 3112 spernerent,
1185 3039 1230 3106 ut,
1252 3032 1304 3112 qui
1328 3033 1428 3096 denuo
1448 3033 1486 3098 de

226 3129 267 3194 iis
298 3131 440 3212 judicare
473 3131 626 3208 voluerit,
658 3133 686 3194 si
709 3151 847 3194 summas
876 3151 978 3194 rerum
1003 3131 1171 3194 dumtaxat
1193 3141 1224 3194 et
1245 3131 1369 3196 Seneca
1390 3151 1486 3214 genus

227 3233 409 3294 universum
432 3233 620 3314 respexerit,
642 3233 699 3296 vix
720 3252 834 3296 novam
858 3233 955 3296 ullam
980 3240 1012 3295 et
1032 3251 1122 3296 susm
1139 3234 1281 3312 prolerre
1297 3236 1485 3300 senteutiam

225 3333 337 3414 possit,
371 3333 507 3396 alienam
542 3335 680 3416 aliquam
706 3354 744 3398 sc
765 3341 904 3396 veterem
926 3333 1074 3397 tuendam
1096 3334 1406 3418 confirmandamque
1428 3356 1486 3399 ne-

227 3435 366 3498 cessario
400 3434 564 3516 suscipiat.
608 3434 806 3518 Quamquam
840 3434 1012 3498 diversitas
1045 3433 1099 3497 illa
1122 3433 1318 3514 opinionum,
1340 3454 1379 3498 ue
1402 3437 1484 3501 forte

224 3533 255 3596 io
283 3555 316 3598 re
344 3535 437 3599 valde
466 3538 599 3600 obscure
620 3536 743 3599 versari
765 3535 938 3612 videamur,
962 3533 1064 3616 magis
1087 3536 1285 3616 superiorum
1307 3543 1483 3618 temporum

224 3654 293 3698 esse
316 3657 408 3719 quam
430 3637 540 3700 horum
565 3637 752 3700 arbitranda
774 3645 831 3699 est.
863 3636 957 3698 Abiit
980 3635 1061 3698 enim
1084 3634 1162 3699 illud
1184 3645 1309 3718 tempus
1332 3645 1365 3700 et
1379 3647 1483 3702 trans·

226 3745 331 3800 sctum
350 3738 418 3818 jam
442 3738 558 3801 dudum
588 3745 647 3814 est,
670 3757 730 3821 quo
752 3736 833 3800 talia
856 3745 988 3818 possent
1010 3745 1042 3798 et
1063 3737 1132 3799 fieri
1154 3737 1348 3801 confidenter
1370 3746 1402 3802 et
1422 3759 1483 3822 pa-

222 3839 338 3902 tienter
370 3839 470 3902 audiri
500 3839 635 3919 judicia,
657 3839 752 3923 quele
786 3839 824 3900 de
846 3837 897 3900 bis
922 3837 1096 3920 tragoediis
1114 3837 1267 3919 judicium
1289 3838 1366 3902 feeit
1388 3839 1418 3904 J.
1442 3841 1481 3906 G.

224 3938 382 4022 Scaliger3
416 3939 471 4023 qui
504 3940 630 4022 quidem
665 3948 714 4003 est
747 3959 782 4003 eo
815 3959 914 4022 usquc
947 3957 1143 4020 progressus,
1166 3948 1202 4002 ut
1230 3959 1283 4002 eas
1305 3959 1366 4003 uon
1388 3943 1480 4006 modo

223 4038 404 4104 Graecorum
427 4039 558 4104 cuilibet
579 4060 778 4124 comparare,
806 4059 914 4102 verum
946 4039 1043 4102 etiam
1066 4039 1213 4124 Euripidi
1236 4041 1394 4104 anteferre
1417 4061 1480 4106 non

222 4140 429 4206 dubitaverit.
474 4140 569 4213 Quod
596 4141 624 4204 si
654 4150 685 4204 et
706 4141 760 4204 ille
783 4139 983 4204 existimavit
1004 4150 1037 4204 et
1058 4140 1114 4204 alii
1135 4151 1291 4222 praterea
1312 4141 1402 4205 multi
1424 4152 1481 4208 sut

222 4241 363 4322 ejusdem
387 4243 493 4306 atatis
515 4242 658 4306 homines
680 4252 735 4306 aut
757 4242 852 4306 etiem
876 4243 1040 4324 ejusque
1063 4243 1192 4323 propius
1214 4244 1307 4304 abest
1327 4252 1479 4320 anostra,

220 4343 337 4424 partim
369 4343 483 4425 judicii
515 4345 677 4424 pravitate
708 4345 777 4407 sine
812 4343 906 4407 dubio
935 4343 1020 4424 lapsi
1041 4353 1131 4418 sunt3
1152 4343 1269 4424 partim
1292 4363 1312 4405 s
1332 4362 1408 4408 vero
1431 4345 1480 4407 di-

221 4443 385 4525 spiciendo
409 4465 504 4527 quum
528 4445 654 4508 omnino
676 4446 770 4509 nimis
792 4446 907 4508 ardens
930 4443 1133 4526 antiquitatis
1155 4444 1293 4507 studium
1315 4453 1381 4508 tum
1395 4463 1479 4528 prse-

221 4544 332 4626 oipuus
355 4545 480 4628 quidam
502 4547 688 4610 Latinarum
711 4546 889 4610 litterarum
909 4544 1105 4626 impediebat
1126 4546 1230 4608 favor:
1253 4565 1320 4628 qua
1342 4545 1476 4629 utprius

222 4646 355 4728 cognite
387 4656 463 4710 suut
494 4666 588 4730 quam
621 4647 754 4722 Graecae,
786 4647 834 4710 ita
869 4645 1084 4710 vehementius
1120 4646 1184 4709 illis
1217 4646 1339 4710 animos
1371 4645 1477 4709 homi-

221 4766 296 4810 num
317 4767 416 4830 usque
439 4749 479 4812 sd
500 4748 617 4832 prioris
639 4749 738 4814 seculi
758 4749 850 4812 finem
873 4755 1041 4830 occupatos
1063 4747 1223 4812 tenebant.
1259 4749 1379 4811 Postea
1399 4765 1475 4812 vero

1324 4849 1338 4911 l
