3554 5406
277 513 295 568 8
769 514 799 570 O.
822 514 854 570 E.
877 513 1049 572 Sandeudm.

276 683 441 766 crimsque
474 684 634 748 debentur.
677 685 780 750 Justis
813 683 909 766 igitur
944 685 1053 767 nepoti
1082 685 1252 767 persolutis
1273 692 1443 767 postquam
1463 684 1531 764 jour

276 785 395 848 clamor
427 785 528 848 instat
561 785 695 848 rnilitum
728 786 883 848 adnaves
905 786 950 848 ire
973 786 1119 868 cuptivas
1137 786 1327 866 jubentium,
1350 804 1444 868 quum
1463 786 1531 865 jam

278 887 395 950 ardens
428 885 521 950 Ilium
554 885 687 950 flammis
720 887 824 980 omnis
858 887 1032 962 collustrat,
1061 887 1128 968 jem
1151 887 1343 970 fugientibus
1366 886 1534 950 exauditur

276 986 486 1051 corruentium
510 995 665 1050 tectorum
691 988 807 1068 fragor,
829 995 896 1050 tum
927 988 985 1050 illa
1005 1007 1103 1052 senex
1125 988 1232 1064 vidus,
1255 988 1393 1054 extorris
1414 986 1533 1069 patris,

276 1087 386 1152 liberis
409 1088 487 1150 orba
508 1087 657 1151 hostilem
680 1107 794 1152 navem
817 1089 969 1152 ascendit.

359 1205 545 1285 Hujusmodi
567 1205 633 1268 fere
654 1205 818 1286 Euripidis
840 1205 964 1280 iabuls;
985 1207 1113 1271 Senecae
1134 1215 1240 1270 autem
1261 1225 1448 1288 quamquam
1465 1225 1533 1266 ma-

276 1306 359 1370 xime
394 1306 521 1389 quidem
544 1306 585 1368 ad
607 1305 770 1386 Euripidis
798 1305 1037 1370 similitudinem
1059 1314 1109 1370 ost
1129 1316 1324 1389 comparata,
1344 1313 1451 1370 temen
1473 1305 1533 1368 ba·

275 1409 329 1471 bet
361 1407 470 1481 multa,
492 1425 624 1489 quorum
651 1406 742 1489 quasi
765 1407 903 1488 origines
926 1416 959 1470 et
979 1408 1102 1472 semina
1124 1409 1157 1471 in
1180 1408 1254 1471 aliis
1276 1408 1395 1474 Grauis
1417 1406 1533 1470 fabulis

276 1509 422 1590 dispersa
443 1514 540 1590 atque
563 1507 721 1589 dissipata
743 1508 952 1589 reperiantur.
984 1510 1082 1572 Nulla
1105 1528 1179 1572 vero
1202 1529 1235 1572 re
1258 1509 1383 1590 longius
1405 1527 1426 1570 a
1440 1505 1533 1571 Gra-

275 1628 311 1673 co
333 1616 431 1692 poeto
443 1608 564 1673 Sensus
577 1607 723 1685 discedit,
735 1629 825 1691 quam
841 1609 924 1690 quod
936 1616 1029 1672 tenta
1042 1631 1144 1675 rerum
1156 1610 1313 1672 varietate
1324 1629 1387 1672 non
1402 1617 1533 1672 conten·

275 1720 337 1786 tus,
371 1720 522 1793 quantam
557 1709 608 1772 ille
632 1709 890 1791 prudentissimis
913 1711 1090 1774 rationibus
1111 1711 1168 1774 vix
1189 1711 1451 1792 comprehendere
1473 1727 1533 1790 po·

274 1813 338 1875 tuit
359 1821 390 1874 et
412 1811 569 1892 colligere,
591 1811 682 1874 novis
706 1811 801 1874 etiam
823 1810 915 1874 rebus
928 1811 1078 1894 novisque
1093 1810 1234 1894 personis
1250 1811 1453 1892 multiplicem
1466 1809 1531 1890 jorn

275 1931 332 1977 sus
353 1919 467 1993 sponte
490 1911 628 1974 fabulum
650 1911 787 1986 refersit,
811 1911 905 1992 ejecit
929 1923 1032 1976 autem
1056 1913 1171 1988 omnia,
1187 1931 1254 1995 quae
1276 1913 1317 1974 ab
1339 1912 1395 1974 illo
1418 1912 1458 1974 sd
1480 1917 1532 1973 to-

275 2015 339 2077 tius
361 2012 532 2093 tragoedia
555 2012 720 2075 consilium
744 2011 981 2093 significandum
1006 2022 1097 2077 erant
1111 2014 1226 2076 efficta.
1263 2013 1375 2076 Nullus
1390 2012 1442 2074 hic
1456 2031 1532 2093 pro-

275 2116 378 2195 logus:
411 2113 529 2176 nullum
563 2114 601 2175 de
634 2114 761 2177 Helenae
794 2114 900 2195 capite
931 2113 1100 2195 judicium:
1137 2123 1252 2189 cetera,
1274 2114 1471 2177 utbreviter
1493 2113 1532 2174 de

273 2226 343 2278 tota
365 2234 398 2279 re
420 2215 645 2289 existimemus,
666 2216 767 2295 magis
789 2222 908 2278 temere
931 2224 963 2277 et
985 2217 1116 2279 fortuito
1138 2223 1286 2296 congesta
1301 2234 1394 2295 quam
1407 2214 1531 2278 ratione

275 2327 308 2379 et
340 2317 448 2379 ordine
482 2316 662 2396 composita.
706 2315 838 2379 Orditur
867 2323 970 2380 autem
994 2317 1100 2380 fabula
1122 2317 1162 2378 ab
1184 2317 1316 2379 Hecuba
1337 2317 1532 2378 lamentante

274 2419 314 2480 ds
336 2418 438 2500 Trojae
460 2415 602 2479 interitu:

515 2517 559 2570 En
580 2517 641 2572 alta
662 2519 735 2572 muri
756 2517 858 2572 decora
883 2520 1020 2590 congestis
1038 2519 1135 2591 jacent

517 2603 609 2660 Tectis
631 2603 736 2660 musti:
758 2604 867 2676 regiam
888 2606 1007 2662 flummae
1029 2607 1157 2662 ambiunt

516 2690 667 2760 Omnisque
687 2691 746 2746 late
767 2690 858 2748 fumat
879 2691 1006 2748 Amarcoi
1028 2693 1135 2750 domus.

517 2778 582 2833 Non
603 2777 734 2850 prohibet
756 2778 853 2834 auidas
874 2779 989 2835 flamma
1009 2779 1124 2836 victoris
1145 2797 1258 2836 menos:

515 2864 655 2935 Diripitur
677 2865 777 2920 ardens
798 2865 891 2936 Trojc.
940 2868 1076 2924 15-19.

517 2949 581 3007 Stat
603 2951 701 3006 nvidus
723 2952 766 3006 ira
788 2951 878 3008 victor
899 2954 928 3008 et
950 2953 1059 3010 lentum
1080 2953 1164 3008 Ilium

518 3038 636 3094 Metitur
658 3037 745 3093 oculis
766 3055 800 3093 ec
821 3039 917 3093 decem
938 3041 1054 3096 tendem
1075 3041 1148 3096 ierus

517 3125 641 3196 ignoscit
662 3124 751 3180 annis.
797 3126 913 3181 21—3.

274 3248 357 3313 Huic
389 3248 502 3311 chorus
532 3244 702 3326 respondet
729 3245 842 3320 naenia,
864 3266 926 3329 qno
947 3248 1084 3311 Hectore
1107 3246 1221 3311 defleto
1243 3247 1405 3312 Priamum
1426 3267 1533 3313 rursus

278 3358 408 3435 propter
430 3346 698 3434 opportunitatem
722 3347 835 3410 mortis
858 3347 981 3412 felicem
1002 3347 1170 3429 praedicat:

516 3447 566 3504 Ch.
604 3446 685 3502 Felix
706 3447 834 3504 Priamus
855 3448 972 3504 dicimus
995 3466 1098 3505 omnes.

607 3533 691 3589 Liber
712 3551 809 3591 munes
830 3535 910 3592 radit
937 3537 973 3591 sd
994 3538 1077 3592 imos:

607 3620 667 3676 Nec
689 3621 759 3678 leret
780 3641 915 3692 umquam

607 3707 692 3764 Victa
714 3707 841 3764 &acum
863 3710 969 3765 cervice
981 3709 1091 3782 jugum.

609 3793 708 3850 Secum
729 3796 862 3851 excedens
884 3814 935 3851 sua
954 3813 1043 3868 regns
1064 3795 1142 3852 tulit.

608 3881 692 3936 Nunc
714 3881 816 3952 Elysiis
837 3885 914 3940 errat
935 3883 966 3938 in
987 3883 1093 3938 umbris

608 3967 742 4038 Interque
764 3969 827 4039 pias
848 3969 915 4024 felix
937 3969 1045 4024 animas

607 4053 730 4111 Hectora
752 4056 860 4125 quaerit.
908 4057 1087 4112 los-170.

274 4173 488 4250 Lamentandi
520 4173 581 4237 fine
616 4174 711 4246 iacto,
743 4193 864 4255 psvore
895 4175 1068 4256 perculsus,
1101 4175 1212 4239 erectis
1240 4175 1365 4259 capillis
1387 4176 1535 4260 irrumpit

274 4279 483 4364 Talthybius3
516 4282 626 4339 narrat
656 4273 793 4338 Achillis
826 4276 967 4338 umbram
995 4276 1027 4338 in
1050 4277 1170 4340 tumulo
1192 4279 1311 4342 visum:
1333 4278 1531 4362 Polyxenam

276 4383 339 4448 sibi
361 4379 524 4443 victimam
547 4374 632 4439 tradi
654 4376 843 4457 postulasse:

527 4475 648 4532 Emicuit
669 4478 768 4548 ingens
787 4478 888 4532 umbra
909 4475 1060 4533 Thessalici
1082 4479 1167 4534 ducis
1192 4479 1280 4549 (189)

526 4561 660 4633 Implevit
683 4579 765 4618 omne
786 4563 854 4620 litus
875 4563 943 4620 irati
964 4582 1062 4620 sonus:

526 4649 579 4716 Ito,
602 4650 642 4706 ito
665 4650 779 4717 inertes,
801 4651 930 4706 menibus
951 4652 1019 4708 mois
1039 4651 1148 4708 debitos

455 4798 459 4806 ,
522 4737 638 4794 Auferte
659 4738 788 4794 honores.
834 4738 1014 4794 les-200.
