3554 5406
553 533 594 588 De
615 533 647 590 L.
670 535 769 590 Annaei
790 533 900 590 &neore
921 533 1090 604 Tragoediis.
1422 533 1461 590 43

293 704 401 788 Atque
434 705 589 769 hacteuus
622 705 797 787 Euripidiee
828 712 950 768 tantum
980 704 1095 768 fabulae
1119 704 1274 768 rationem
1302 705 1465 782 duximus3

204 807 273 889 jam
296 827 371 870 vero
395 809 434 870 de
457 807 577 888 origiue
600 808 690 870 nobis
714 815 746 870 et
769 807 942 888 exemplari
965 807 1092 870 Senecae
1116 806 1231 868 labulae
1255 807 1465 888 quarentibus

208 909 375 989 Sophoclis
394 929 530 992 ¹quoquc
562 910 699 972 Phaedra
721 915 770 972 est
792 907 994 971 adsumenda.
1039 907 1141 979 Quam
1163 907 1283 971 utinam
1305 917 1362 971 aut
1382 909 1466 973 iute-

208 1029 296 1091 gram
334 1011 520 1074 haberemus
553 1019 609 1074 aut
640 1011 688 1074 ita
720 1018 908 1084 truncatam,
930 1016 966 1072 ut
988 1009 1025 1070 de
1049 1009 1180 1072 consilio
1204 1011 1273 1090 ejus
1295 1011 1468 1075 dumtaxat

209 1119 241 1174 et
262 1111 408 1175 universo
431 1131 533 1176 rerum
557 1120 706 1175 contextu
740 1110 894 1193 suspicari
917 1111 1036 1193 aliquid
1058 1111 1265 1191 probabiliter
1286 1115 1466 1192 possemus!

209 1213 305 1293 Cujus
328 1233 420 1287 nunc,
443 1233 510 1296 quae
533 1221 663 1276 exstant
684 1213 871 1294 fragmenta,
894 1213 973 1274 adeo
1003 1211 1123 1275 minuta
1145 1212 1299 1294 adeoque,
1322 1233 1466 1294 quorsum

209 1313 354 1397 quodque
377 1315 422 1377 sit
443 1316 652 1389 referendum,
675 1314 809 1377 obscura
832 1322 926 1394 atque
955 1311 1103 1393 ambigua
1124 1321 1207 1388 suut,
1231 1321 1266 1376 ιι
1287 1315 1466 1378 somniandi

209 1434 302 1496 quam
323 1415 554 1497 interpretandi
577 1415 812 1497 locupletiorem
830 1413 995 1477 materiam
1016 1416 1155 1496 praebere
1174 1415 1353 1478 videantur.
1382 1417 1467 1480 tlon-

208 1517 311 1578 teudit
343 1523 449 1579 tamen
476 1513 705 1600 Welokerusl)
739 1535 758 1578 a
790 1515 946 1597 Sophocle
975 1535 1095 1596 quoque
1118 1515 1279 1579 inductam
1303 1517 1467 1594 nutricem,

208 1617 296 1697 cujus
329 1619 455 1680 easdem
489 1619 554 1680 fere
587 1617 731 1680 mouendi
760 1617 1018 1698 absterrendique
1041 1618 1137 1680 fuisse
1158 1627 1278 1698 partes,
1301 1637 1379 1700 quas
1400 1620 1468 1682 haec

208 1720 295 1800 apud
328 1719 481 1784 Senecam
505 1719 654 1794 sustinet3
676 1725 770 1799 putat
792 1718 888 1781 etiam
912 1718 1078 1781 Pbaedram
1101 1719 1248 1780 similiter
1270 1720 1353 1800 apud
1375 1720 1466 1784 illum

209 1839 348 1883 amorem
393 1820 570 1904 Hippolyto
604 1821 666 1902 ipsi
702 1839 806 1882 coram
840 1839 907 1882 esse
941 1821 1131 1896 confessam3
1164 1839 1294 1901 quorum
1328 1820 1355 1882 si
1382 1831 1466 1884 recte

210 1931 376 2003 utrumque
420 1921 570 2001 conjecit,
614 1941 800 2003 quamquam
846 1928 1009 2001 utrumque
1042 1922 1074 1984 iu
1119 1941 1234 2002 magua
1265 1922 1465 1986 dubitatione

208 2030 362 2098 versatur,
385 2042 512 2086 necesse
535 2030 585 2085 est
602 2032 658 2085 aut
680 2023 772 2104 longe
795 2023 888 2086 aliter
910 2022 976 2085 hoec
998 2043 1018 2085 a
1039 2023 1194 2104 Sophocle
1207 2023 1306 2086 fuisse
1318 2031 1466 2100 tractata,

210 2143 303 2207 quam
336 2133 475 2187 tractata
507 2125 649 2187 videmus
683 2143 702 2186 a
734 2124 868 2198 Seneca,
891 2130 948 2186 aut
980 2123 1167 2186 mediocrem
1201 2124 1234 2186 in
1267 2125 1327 2188 hae
1356 2125 1467 2189 sabula

209 2245 278 2288 eum
301 2226 396 2288 luisse
420 2226 583 2301 artificem,
606 2244 698 2308 quem
721 2225 753 2287 in
777 2225 890 2288 ceteris
914 2225 1055 2288 omnibus
1079 2225 1281 2307 cognovimus
1297 2246 1465 2290 summum.

209 2327 273 2392 Sed
306 2335 341 2390 ut
373 2327 443 2390 istae
476 2327 702 2390 similitudines
736 2326 966 2390 dubitationem
999 2327 1127 2402 babent,
1159 2327 1207 2389 ita
1228 2327 1340 2390 harum
1362 2349 1466 2392 rerum

209 2428 434 2491 dissimilitudo
469 2429 655 2492 manifesta:
689 2428 824 2510 primum
857 2448 952 2490 scena
981 2428 1048 2491 illic
1080 2430 1254 2502 Troezene,
1287 2428 1339 2492 hic
1361 2431 1467 2494 Athe·
1551 2493 1555 2515 Ι

210 2530 276 2606 uis;
310 2536 373 2592 tum
407 2529 492 2612 apud
526 2531 614 2593 illum
647 2529 786 2592 Theseus
808 2529 893 2592 domi
917 2537 973 2604 est,
995 2537 1029 2592 ut
1051 2529 1188 2592 clamore
1211 2531 1320 2593 uxoris
1342 2532 1465 2594 excitus

209 2638 364 2706 accurrat,
398 2631 481 2714 apud
514 2633 595 2695 hunc
627 2650 695 2694 cum
718 2630 865 2694 Pirithoo
888 2633 1047 2713 profectus
1070 2631 1111 2692 ad
1134 2631 1267 2706 inferos3
1291 2631 1404 2696 deinde
1427 2632 1465 2695 de

210 2733 370 2796 calumnia
392 2732 501 2796 uxoris
524 2734 606 2815 apud
630 2732 818 2814 Sophoclem
843 2753 861 2794 a
882 2732 999 2806 Diana,
1022 2733 1103 2814 apud
1127 2732 1281 2796 Senecam
1296 2753 1315 2796 a
1329 2734 1467 2798 Phaedra

209 2836 281 2916 ipsa
304 2835 440 2897 docetur.
1358 2901 1367 2920 ⁸

292 2935 325 2998 A
346 2932 504 3016 Sophocle
527 2933 625 3014 igitur
647 2934 800 2998 Senecam
823 2954 886 2997 uon
908 2933 1007 2998 multa
1029 2935 1199 3016 sumpsisse
1215 2935 1388 2999 verisimile
1404 2944 1466 3000 est:

210 3039 251 3100 ab
282 3035 437 3119 Euripide
460 3053 535 3098 vero
558 3055 652 3118 quam
675 3055 778 3117 pauca
800 3044 962 3099 mutuatus
985 3035 1037 3112 sit,
1060 3057 1100 3100 ex
1123 3039 1280 3100 enarratis
1302 3038 1466 3121 utriusque

210 3138 326 3202 labulis
360 3143 503 3220 apparet.
548 3136 633 3208 Quid
667 3157 739 3218 ergo
773 3139 844 3200 est?
887 3137 1016 3200 Nullum
1050 3137 1089 3200 ad
1125 3139 1287 3220 exemplar
1316 3141 1466 3220 respexit,

211 3239 277 3303 suis
307 3259 347 3301 ex
380 3238 521 3301 fontibus
545 3238 649 3300 omnia
671 3238 801 3301 hausit?
843 3239 1010 3314 Ille,vero,
1032 3239 1107 3301 licet
1127 3241 1160 3302 in
1183 3241 1375 3316 oeconomia,
1397 3262 1466 3323 quae

209 3348 350 3414 vocatur,
383 3339 497 3404 fabula
530 3339 755 3403 constituenda
776 3360 832 3403 suo
856 3340 992 3403 maxime
1012 3340 1132 3420 judicio
1155 3361 1230 3404 usus
1252 3342 1305 3417 sit,
1327 3341 1466 3424 singulos

210 3449 294 3506 certe
327 3441 413 3504 locos
438 3441 555 3504 multos
578 3448 610 3502 et
632 3460 744 3505 causas
767 3461 874 3504 eorum
898 3450 930 3504 et
950 3451 1113 3523 tamquam
1137 3442 1259 3506 semina
1281 3444 1404 3525 accepit
1426 3445 1465 3506 ab

211 3543 344 3618 Ovidio;
377 3542 463 3623 cujus
495 3542 638 3606 Phaedrae
670 3543 767 3619 illius,
789 3543 910 3626 quain
933 3542 1108 3605 Heroidum
1130 3543 1212 3606 libro
1236 3552 1352 3620 exstat,
1374 3544 1466 3630 (Her.

208 3644 297 3730 IV.)‚
320 3645 401 3706 hauc
422 3644 551 3708 Seneeae
573 3644 722 3708 audacter
744 3643 955 3707 contenderim
977 3663 1038 3707 uon
1060 3644 1152 3709 modo
1174 3645 1376 3709 simulacrum
1398 3665 1466 3710 esse

209 3746 440 3819 adumbratum,
472 3765 580 3808 varum
614 3745 710 3808 etiam
734 3765 914 3826 expressam
937 3745 1115 3827 imaginem.
1159 3746 1242 3810 Hinc
1263 3747 1320 3810 illa
1340 3747 1467 3831 Hippo-

209 3849 269 3932 lyti
291 3848 400 3911 formae
423 3846 604 3928 descriptio,
627 3867 702 3928 quae,
725 3855 918 3930 quantopere
941 3865 960 3908 a
983 3847 1104 3927 tragico
1126 3867 1238 3929 genere
1261 3849 1468 3931 discreparet,

210 3949 317 4030 paullo
350 3955 423 4010 aute
455 3948 717 4028 significavimus3
750 3948 823 4010 hinc
844 3948 986 4011 Phaedrae
1009 3948 1157 4031 frequens
1180 3950 1217 4012 de
1241 3950 1394 4013 communi
1416 3951 1467 4013 fa-

210 4049 305 4112 miliae
337 4049 405 4112 fato
439 4049 601 4130 cogitatio,
633 4049 686 4112 ubi
720 4049 832 4112 matris
865 4049 1037 4131 praesertim
1066 4050 1280 4132 prodigiosam
1303 4051 1466 4116 libidinem

210 4149 363 4228 crebrius,
397 4169 490 4232 quam
523 4169 584 4232 par
616 4158 694 4226 erat,
717 4151 880 4226 describit;
903 4150 977 4214 hinc
998 4149 1137 4230 ejusdem
1159 4151 1192 4214 iu
1213 4153 1369 4215 Theseum
1391 4173 1466 4215 cou-

209 4252 304 4327 sinio,
337 4252 420 4334 quod
452 4249 506 4314 ille
538 4252 670 4334 conjuge
703 4253 828 4314 deserta
859 4252 1005 4315 Pirithoo
1041 4271 1075 4314 se
1097 4253 1243 4316 comitem
1266 4253 1466 4334 adjunxerim

210 4351 283 4416 hinc
316 4353 447 4434 denique
481 4353 558 4416 illud
586 4354 702 4434 ipsum,
724 4353 804 4436 quod
827 4354 912 4435 apud
933 4353 1051 4416 inferos
1074 4347 1186 4416 abesse
1209 4355 1350 4418 Theseus
1372 4355 1467 4436 lingi-

209 4462 276 4530 tur3
309 4453 342 4516 in
377 4453 487 4536 quibus
520 4453 568 4517 ita
603 4454 753 4519 Ovidium
775 4455 898 4520 Seneca
920 4453 1063 4517 imitatus
1086 4461 1144 4532 ast,
1167 4463 1203 4518 ut
1224 4456 1382 4519 interdum
1403 4475 1466 4519 nou

210 4556 302 4620 modo
325 4555 501 4618 sententias
524 4555 659 4631 easdem,
682 4557 737 4618 sed
760 4557 858 4618 rerba
879 4575 967 4638 paene
990 4555 1098 4618 eadem
1123 4556 1311 4633 reddiderit;
1333 4557 1367 4620 id
1382 4558 1465 4640 quod

210 4675 250 4720 ex
272 4657 322 4719 his
344 4655 509 4740 utriusque
531 4656 610 4720 locis
633 4658 826 4738 comparatis
849 4657 942 4720 facile
964 4656 1097 4738 intelligi
1119 4664 1241 4739 potest:

210 4769 408 4780 ...ι-ι-

281 4803 301 4878 ¹)
322 4807 463 4874 Wcloker,
486 4807 597 4864 Griech.
619 4807 704 4880 Trag.
726 4807 750 4875 I,
772 4826 802 4879 p.
826 4807 1006 4864 att-402.
