3554 5406
334 509 372 566 36
824 503 853 559 G.
878 503 909 560 El.
932 503 1105 560 Sandsirdm.

334 679 432 753 eitas3
465 673 571 740 omnia
593 674 625 738 in
648 694 770 738 summa
791 674 947 739 brevitate
969 675 1092 739 ardoris
1115 682 1149 740 ot
1168 673 1318 758 ponderis
1340 675 1442 757 plena.
1480 678 1591 758 Longe

334 800 409 843 vero
443 776 595 858 optimum
629 775 721 839 illud:
750 776 785 840 ”n
808 776 906 852 silvae,
930 797 947 840 o
970 776 1072 852 leroe”,
1096 777 1179 859 quod
1202 783 1352 858 quantam
1375 776 1440 840 vim
1463 779 1592 854 habeat,

335 900 425 944 nemo
458 878 519 940 erit
551 876 626 959 quin
649 878 777 952 sentiat,
799 877 952 942 sentietur
973 885 1078 940 autem
1100 878 1225 942 facilius
1247 897 1339 960 quam
1364 878 1586 960 explicabitur.

336 983 407 1045 Duo
441 988 545 1041 tamen
580 986 663 1050 suut,
693 997 762 1060 quae
780 978 935 1059 judicanti
958 979 1037 1041 mihi
1059 978 1204 1042 nonnihil
1226 980 1362 1042 afferunt
1384 980 1591 1043 dubitationis

336 1084 491 1164 plenaque
515 1099 563 1140 me
587 1099 679 1141 mann
702 1081 832 1142 laudme
844 1079 1022 1161 cupientem
1036 1079 1207 1162 reprimere
1219 1099 1267 1143 me
1280 1089 1312 1144 et
1322 1080 1474 1144 adhibere
1485 1083 1592 1144 mode·

339 1183 489 1246 rationem
513 1180 728 1244 cohortantur.
764 1180 901 1252 Quorum
925 1201 1019 1244 unum
1042 1190 1091 1244 est
1112 1181 1199 1255 illud,
1215 1201 1306 1263 quum
1322 1181 1446 1244 beatam
1461 1201 1496 1246 se
1510 1201 1591 1264 pra·

337 1285 423 1347 dieat
443 1282 589 1356 Phaedra,
611 1281 638 1342 si
662 1281 758 1344 amati
779 1282 905 1362 juvenis
929 1301 1021 1344 manu
1045 1281 1145 1345 occidi
1167 1281 1350 1363 contigerit:
1374 1283 1456 1364 qnod
1480 1303 1592 1365 qnam·

338 1404 431 1466 quarn
465 1383 621 1464 plerisque
645 1382 779 1445 maxime
802 1383 883 1474 solet
904 1382 1091 1446 admirabile
1114 1382 1215 1445 videri
1238 1382 1407 1464 habetque,
1428 1382 1456 1444 si
1478 1403 1536 1465 per
1556 1405 1590 1447 se

338 1487 439 1566 ipsum
474 1483 734 1558 consideraveris,
765 1484 869 1546 nescio
904 1483 979 1565 quid
1005 1483 1098 1546 molle
1120 1503 1156 1546 ac
1178 1490 1329 1558 tenerum,
1351 1492 1458 1546 tamen
1481 1486 1590 1548 dubito

338 1587 550 1657 vehementer,
572 1604 612 1647 an
637 1584 665 1646 ei
688 1592 806 1648 naturae
829 1592 924 1665 atque
952 1584 993 1646 iis
1016 1584 1164 1659 moribus,
1187 1585 1300 1666 quibus
1323 1584 1489 1648 Phaedram
1510 1606 1592 1666 prae-

338 1689 436 1751 ditem
458 1686 611 1759 videmus,
633 1705 742 1765 parum
763 1685 813 1748 hic
835 1705 944 1748 sensns
966 1685 1132 1748 conveniat
1147 1693 1179 1748 et
1194 1693 1354 1766 congruat.
1388 1685 1473 1757 Quid
1489 1686 1591 1750 enim?

337 1789 440 1852 Amor
461 1786 521 1848 iste
546 1794 594 1847 est
616 1786 823 1867 appellandus
845 1805 886 1848 an
909 1805 1029 1848 vesana
1051 1786 1148 1849 libido
1172 1794 1204 1849 et
1226 1787 1524 1869 immanisquoedam
1538 1807 1591 1850 ra-

340 1890 416 1964 bies,
449 1907 511 1969 qua
539 1887 587 1949 ita
610 1887 740 1949 incensa
761 1888 881 1950 feratur
903 1895 934 1950 et
956 1897 1120 1962 occaecata,
1148 1896 1184 1950 ut
1205 1887 1306 1950 oblita
1328 1888 1469 1970 pudoris,
1492 1889 1593 1952 oblita

338 1989 472 2064 decoris,
506 2008 567 2052 non
594 1989 684 2050 modo
709 1988 853 2052 muliebri
876 1988 969 2062 omni,
991 2007 1100 2050 verum
1124 1989 1219 2062 etiam
1241 1988 1379 2053 humano
1402 2009 1496 2054 sensu
1515 2009 1593 2072 pro·

340 2091 472 2165 calcato,
505 2090 578 2170 ipsa
610 2109 747 2170 praesens
779 2089 928 2171 prasenti
954 2090 1074 2158 ,offerat
1105 2097 1249 2171 stuprum
1273 2090 1449 2152 castissimo
1470 2090 1593 2172 juveni,

342 2192 485 2273 conjugis
507 2191 583 2266 filio,
608 2209 703 2272 eoque
727 2191 917 2254 adversante
940 2210 978 2252 ae
999 2192 1177 2254 detestante
1200 2210 1260 2254 non
1273 2190 1403 2270 abjiciat
1415 2192 1592 2268 consilinm,

341 2314 400 2357 non
418 2294 527 2356 redeat
550 2293 590 2354 ad
611 2292 792 2366 sanitatem,
814 2292 880 2366 sed,
893 2299 1055 2374 tamquam
1070 2291 1244 2373 expugnari
1257 2300 1289 2355 et
1300 2292 1368 2372 cogi
1381 2293 1592 2374 amorpossit,

340 2396 386 2457 sie
418 2395 459 2457 ad
493 2393 588 2473 pedes
612 2394 677 2472 ejus
700 2393 834 2474 supplex
856 2393 982 2473 abjecta
1002 2400 1034 2455 et
1059 2412 1147 2454 suam
1169 2401 1201 2455 et
1221 2393 1306 2456 illius
1329 2400 1362 2456 et
1382 2394 1520 2475 conjugis
1542 2394 1594 2456 in-

339 2497 467 2558 famiam
489 2493 622 2574 poscat?
656 2493 791 2556 Omnino
814 2493 882 2556 haee
903 2493 1002 2555 libido
1025 2493 1056 2555 in
1079 2493 1238 2556 mulierem
1263 2493 1349 2558 eadit
1365 2495 1495 2558 nullam:
1509 2497 1592 2576 qnod

338 2597 365 2659 si
399 2597 486 2660 cadit
519 2595 550 2656 in
586 2595 721 2677 aliquam
756 2603 787 2656 et
818 2595 846 2656 si
874 2602 981 2676 potest
1003 2595 1116 2657 mulier
1139 2595 1279 2676 cogitari,
1302 2615 1369 2677 quae
1392 2615 1489 2678 usque
1512 2597 1592 2660 adeo

339 2699 500 2761 mulierem
534 2697 666 2770 exuerit,
700 2716 738 2758 ea
771 2696 925 2777 ejusmodi
959 2697 1020 2758 erit
1052 2697 1206 2777 prolecto,
1237 2717 1303 2778 quae
1330 2697 1537 2761 robustiorem
1561 2707 1594 2763 et

339 2799 439 2880 magis
473 2797 606 2860 solidam
629 2806 760 2879 expetat
781 2798 988 2880 voluptatem,
1012 2817 1102 2879 quam
1126 2818 1193 2880 qnae
1216 2818 1255 2861 ex
1278 2808 1377 2861 morte
1400 2799 1476 2878 ejus,
1499 2821 1592 2883 quem

341 2908 437 2975 amet,
460 2900 603 2962 manibus
628 2901 735 2961 oblata
757 2899 877 2980 percipi
900 2899 1012 2981 possit.
1046 2899 1204 2962 Mollioris
1226 2900 1278 2962 hic
1299 2919 1409 2963 sensus
1432 2909 1480 2964 est
1495 2901 1592 2966 animi

339 3010 371 3065 et
393 3001 540 3064 castioris
570 3000 722 3083 longeque
745 3001 784 3062 ab
807 3000 862 3064 illa
885 3000 1016 3064 libidine
1038 3007 1070 3063 et
1091 3001 1287 3064 immanitate
1309 3002 1454 3082 sejuncti.
1497 3000 1592 3066 Alte-

339 3124 405 3167 rum
430 3103 508 3164 illud
531 3101 632 3164 levius
655 3109 749 3183 atque
772 3101 803 3164 in
827 3101 973 3183 ambigua
995 3103 1130 3164 fortasse
1154 3102 1277 3164 ratione
1299 3103 1452 3184 positum:
1475 3103 1522 3166 ita
1543 3112 1593 3168 ta-

340 3225 409 3268 men
433 3204 511 3266 mihi
534 3203 668 3278 videtur,
691 3222 752 3265 non
776 3203 912 3265 attinere
935 3203 1156 3286 Hippolytum,
1178 3211 1215 3266 nt
1235 3204 1267 3265 in
1284 3223 1319 3266 eo
1335 3223 1456 3267 summa
1471 3224 1592 3268 morum

339 3305 493 3369 sanctitas
527 3305 712 3379 declaretur,
741 3323 777 3366 eo
800 3324 895 3386 usqne
918 3305 1074 3385 progredi,
1098 3312 1133 3368 ut
1154 3324 1211 3366 sua
1232 3325 1324 3368 mann
1345 3325 1512 3368 novercam
1532 3327 1592 3388 pa-

339 3418 387 3470 ret
409 3408 557 3469 occidere.
600 3407 693 3468 Licet
714 3406 796 3468 enim
819 3406 950 3469 multum
976 3406 1162 3487 justissima
1185 3425 1286 3469 causae
1308 3406 1438 3482 doloris,
1461 3408 1592 3470 multum

337 3508 471 3589 juvenili
505 3507 611 3570 animo
645 3514 678 3569 et
709 3507 814 3570 subito
848 3507 963 3570 scelere
998 3507 1138 3589 stupenti
1173 3507 1338 3583 concedas,
1359 3508 1387 3570 si
1410 3515 1516 3570 tamen
1539 3509 1591 3573 ille

339 3609 429 3672 dolor
451 3616 483 3670 et
504 3608 712 3672 humanitatis
735 3609 860 3671 modurn
885 3608 1009 3673 excedit
1032 3616 1064 3670 et
1084 3607 1234 3688 pietatem
1257 3627 1338 3682 eam,
1360 3628 1451 3690 quam
1466 3609 1592 3691 parenti

340 3731 402 3774 non
437 3710 586 3773 minorem
620 3710 723 3785 debet,
756 3729 848 3791 quam
873 3717 1023 3791 qnantum
1044 3729 1185 3773 novercae
1208 3710 1305 3773 debet
1328 3711 1445 3786 odium,
1467 3712 1538 3792 plus
1561 3718 1593 3774 et

341 3811 478 3874 feritatis
500 3811 627 3872 videtur·
649 3811 766 3873 habere
790 3819 821 3874 et
843 3811 1028 3893 impietatis,
1052 3829 1147 3893 quern
1169 3819 1204 3873 ut
1226 3811 1255 3874 ei
1277 3830 1429 3892 personae,
1451 3813 1539 3892 quus
1561 3813 1592 3876 in

340 3921 453 3976 natura
477 3919 508 3974 et
529 3913 638 3974 favore
661 3911 710 3974 vis
732 3911 831 3974 totius
855 3913 1025 3994 tragoediae
1052 3911 1183 3986 nitatur,
1211 3913 1291 3975 satis
1315 3913 1474 3976 commode
1496 3913 1592 3978 tribui

269 4020 273 4026 '
338 4013 450 4097 possit.
493 4011 557 4077 Sed
580 4014 617 4074 de
639 4012 698 4076 hoo
720 4013 847 4095 quidem
870 4012 938 4077 loco
961 4014 1040 4076 satis
1063 4013 1180 4076 dietum
1204 4021 1260 4076 est.

424 4117 504 4178 Post
526 4113 696 4179 discessum
717 4114 885 4197 Hippolyti
907 4115 1017 4178 nutrix
1037 4114 1147 4178 statim
1164 4115 1280 4178 crimen
1300 4121 1332 4178 et
1347 4114 1519 4196 perniciem
1535 4115 1593 4178 ab·

341 4216 423 4280 senti
455 4224 566 4296 parat;
599 4215 766 4279 Phaedram
794 4214 949 4290 hortatur,
971 4222 1007 4279 nt
1027 4215 1204 4279 imminenti
1228 4215 1366 4298 periculo
1389 4217 1516 4280 sortiter
1536 4218 1593 4280 ob-

340 4318 425 4380 viam
460 4324 512 4378 eat
546 4317 744 4400 scelerisque,
773 4317 854 4398 quod
876 4317 947 4398 ipsa
969 4315 1149 4398 cogitasset,
1170 4317 1253 4382 ultro
1276 4318 1476 4381 innocentem
1500 4337 1593 4382 socu-

339 4427 402 4482 set:
425 4419 496 4500 ipsa
515 4419 603 4499 quasi
616 4419 648 4480 in
661 4438 693 4482 re
706 4418 876 4481 manifesta
887 4416 1028 4482 adultero
1042 4417 1237 4500 deprehenso
1249 4437 1363 4500 magna
1375 4439 1451 4482 voce
1464 4438 1592 4500 magno-

341 4540 400 4603 que
423 4519 558 4583 tumultu
581 4519 695 4583 civium
716 4521 807 4582 fidem
829 4519 994 4601 implorat3
1016 4519 1110 4582 simul
1132 4520 1274 4584 relictum
1289 4541 1309 4584 a
1324 4520 1463 4601 fugiente
1478 4520 1593 4602 arripit

293 4665 297 4676 .
341 4610 491 4704 gladium,
514 4621 612 4685 futuri
634 4620 774 4685 criminis
796 4628 1023 4703 argumentum.
1058 4621 1156 4684 Nulla
1177 4621 1307 4685 interim
1328 4623 1471 4686 Pheorae
1491 4641 1591 4705 aeque

341 4721 544 4807 repugnantis
577 4742 640 4788 vox
661 4743 760 4806 neque
782 4723 1018 4805 comprobantis
1044 4722 1179 4788 auditur.
1222 4720 1315 4794 Quod
1338 4723 1385 4790 ita
1406 4724 1499 4790 credo
1523 4739 1592 4792 esse
