3554 5406
531 547 572 603 De
594 547 625 604 L.
648 547 747 604 Annei
767 546 877 603 Senecae
898 543 1067 617 Tregoediis.

420 715 594 788 Paulumque
615 716 728 773 domino
750 733 845 772 currus
867 717 958 772 edflxo
979 717 1068 773 stetit.

422 803 531 860 Haesere
552 805 661 876 bijuges
683 804 797 860 vnlnere
819 808 849 860 et
869 803 977 874 pariter
997 811 1106 858 moram

420 891 625 961 Dominamque
644 893 789 960 rumpunt.
972 909 1001 947 v.
1026 887 1204 946 nor-11.

264 1011 341 1084 Qun
364 1032 456 1094 quum
481 1011 588 1076 omnia
610 1011 783 1075 taeterrima
804 1021 886 1088 sunt,
908 1022 971 1076 turn
995 1009 1100 1076 nescio
1123 1030 1161 1072 an
1184 1009 1306 1074 facetus
1328 1009 1382 1073 ille
1403 1009 1435 1074 in

179 1131 257 1176 roco
279 1115 444 1195 rumpendi
467 1113 552 1178 lusus
575 1114 712 1177 maxime
735 1114 851 1178 animis
874 1114 991 1176 nostris
1014 1119 1176 1194 repugnet.
1223 1110 1308 1174 lllnd
1330 1118 1435 1176 tamen

179 1213 349 1290 laudabile,
383 1215 467 1298 qood
495 1223 610 1297 praeter
632 1215 887 1278 consuetudinem
910 1215 988 1278 fecit
1008 1221 1104 1297 poeta
1124 1247 1166 1260 -
1188 1213 1258 1294 plns
1280 1211 1363 1276 euim
1385 1213 1438 1278 hic

178 1315 212 1378 in
234 1315 384 1380 inanimis
406 1316 498 1379 rebus
520 1315 734 1380 describendis
757 1315 878 1379 versari
901 1335 994 1398 quem
1017 1314 1049 1376 in
1074 1332 1276 1395 personarum
1299 1314 1437 1378 moribus

179 1416 363 1499 effingendis
395 1417 478 1480 solet
499 1453 539 1464 -
561 1419 618 1480 sed
652 1417 684 1480 in
717 1417 771 1481 illo
800 1417 985 1492 laudandus,
1007 1415 1090 1500 qnod
1112 1413 1320 1498 Hippolytum
1341 1435 1438 1498 agen-

178 1523 243 1581 tem
265 1517 388 1602 aliquid
410 1518 488 1581 facit
510 1526 542 1581 et
563 1518 760 1600 loquentem:

421 1617 526 1675 Comme
546 1617 632 1674 feroci
654 1622 757 1691 gnatm
777 1619 923 1690 insurgens
943 1617 1040 1673 minax

400 1749 402 1752 ,
420 1705 511 1761 Vultu
532 1722 583 1762 nec
605 1723 655 1762 ora
675 1706 769 1762 mutat
790 1708 820 1762 et
841 1722 976 1777 magnum
997 1705 1123 1762 intonet:

423 1792 527 1848 ''Heud
549 1793 656 1866 frangit
679 1792 804 1848 animum
826 1809 915 1849 venus
937 1793 984 1848 hio
1004 1794 1095 1848 terror
1116 1807 1222 1847 meum:

421 1877 496 1934 Nem
518 1881 588 1935 mihi
609 1883 744 1952 paternus
767 1879 877 1935 ducere
898 1882 941 1935 est
962 1881 1058 1934 tauros
1080 1879 1191 1935 lebor.''

978 1984 1006 2022 v.
1033 1967 1190 2022 1073-6.

177 2083 336 2147 Nonnihil
370 2087 466 2149 etiam
501 2107 537 2150 eo
570 2087 640 2150 loco
674 2106 863 2162 recreamur,
896 2106 1002 2168 quum,
1025 2087 1171 2150 conclusa
1193 2088 1375 2151 narratione
1398 2123 1438 2134 -·

177 2203 369 2267 quamquam
392 2187 457 2251 haeo
480 2189 606 2271 quidem
628 2188 700 2271 ipsa
722 2190 805 2252 haud
828 2207 929 2271 parva
951 2187 1104 2252 recreatio
1127 2198 1177 2252 est
1198 2225 1234 2235 —
1259 2188 1439 2253 humanite-

176 2285 220 2348 tis
242 2286 370 2350 tandem
393 2308 561 2353 memorem
585 2309 693 2354 vocem
717 2289 879 2354 audimus:

313 2388 394 2446 Thes.
794 2389 816 2446 Ο
838 2390 957 2446 nimium
977 2392 1086 2460 potens,

419 2475 530 2544 Quanto
551 2479 681 2546 parentes
702 2478 845 2548 sanguinis
867 2477 961 2534 vinclo
982 2479 1069 2544 tenes,

419 2563 540 2619 Natura.
585 2564 675 2630 Quam
695 2565 725 2620 te
748 2565 863 2620 colimus
884 2564 969 2621 inviti
990 2582 1110 2635 quoque.

420 2649 550 2707 Occidere
571 2651 648 2707 volui
669 2649 793 2717 noxium,
816 2653 947 2707 amissum
968 2651 1030 2707 deo.
1067 2735 1106 2791 23
1154 2735 1171 2790 6

971 2755 999 2794 v.
1025 2737 1061 2793 11
1112 2763 1145 2774 -
1175 2773 1183 2789 .

264 2855 340 2922 Jam
368 2855 470 2939 ipsum
494 2856 613 2920 exitum
636 2857 750 2922 fabulae
773 2857 949 2940 tangimus3
972 2878 1063 2940 qoem
1085 2855 1112 2919 si
1134 2855 1166 2918 in
1189 2854 1240 2930 iis,
1263 2875 1331 2942 quae
1354 2857 1441 2940 opti-

177 2977 225 3022 me
247 2958 370 3022 Seneca
392 2957 531 3040 scripsit,
553 2977 698 3040 posuero,
721 2979 782 3024 nou
805 2960 934 3023 multum
956 2979 977 3022 a
997 2979 1073 3023 vero
1097 2957 1268 3020 discedam.
1300 2956 1385 3022 Nam
1408 2967 1440 3022 et

178 3059 261 3140 quod
285 3060 398 3122 salsam
421 3059 536 3122 Thesei
560 3061 597 3122 de
619 3061 678 3124 filii
701 3061 840 3124 moribus
869 3060 1050 3144 opinionem
1074 3059 1122 3122 ita
1143 3057 1259 3122 discuti
1282 3057 1383 3140 fingit,
1405 3063 1440 3123 ut

178 3158 316 3224 Phaedra
348 3160 429 3243 ipsa,
451 3160 634 3244 priusquam
659 3169 789 3226 mortem
813 3161 874 3224 sibi
896 3162 1085 3236 consciscat,
1107 3179 1196 3222 suum
1220 3159 1321 3223 scelus
1344 3168 1376 3224 et
1397 3159 1439 3223 il-

178 3257 238 3324 lius
272 3261 483 3326 innocentiam
516 3270 662 3338 testetur,
700 3263 740 3326 ad
763 3263 936 3345 tragoedico
958 3261 1145 3344 dignitatem
1169 3261 1437 3325 accommodatum

179 3369 228 3424 est
248 3363 347 3439 satis3
381 3371 412 3426 et
441 3383 549 3427 versos
572 3363 605 3438 ii,
627 3363 737 3445 quibus
760 3365 920 3428 moriturae
942 3383 1051 3426 sensus
1075 3359 1299 3444 exprimuntur,
1321 3361 1437 3444 partim

178 3459 225 3524 ite
257 3471 334 3526 sunt
366 3465 507 3546 grandes
533 3485 571 3528 ao
603 3484 726 3546 graves,
759 3465 877 3547 partim
901 3485 939 3528 ee
960 3463 1119 3526 suavitate
1143 3461 1270 3538 conditi,
1292 3469 1330 3524 ut
1351 3483 1440 3546 paene

178 3560 210 3624 in
245 3563 356 3628 Ovidii
390 3565 482 3628 domo
516 3565 584 3628 neti
606 3586 675 3629 esse
697 3565 876 3630 videantur.
920 3564 1060 3637 Quorum
1088 3563 1116 3626 si
1139 3582 1204 3638 eos,
1226 3563 1278 3645 qui
1301 3565 1439 3628 maxime

179 3663 346 3742 excellunt,
369 3665 543 3742 attulerim,
565 3666 651 3729 haud
673 3667 833 3749 ingratum
862 3665 1039 3748 legentibus
1062 3663 1174 3728 videor
1195 3682 1264 3730 esse
1287 3665 1438 3730 facturos.

421 3783 444 3839 0
466 3783 534 3838 dure
556 3785 663 3840 Theseu
684 3802 801 3855 semper,
825 3802 842 3840 o
863 3800 1018 3855 numquam
1039 3779 1076 3838 ed
1097 3785 1161 3839 tuos

420 3871 493 3926 Tuto
514 3888 632 3928 reverse.
677 3871 785 3928 Gnatus
807 3873 836 3928 et
858 3872 968 3944 genitor
990 3885 1058 3924 nece

420 3957 537 4013 Reditus
556 3961 620 4015 tuos
640 3959 730 4014 luere:
754 3959 891 4028 pervertis
913 3957 1025 4014 domum

420 4045 522 4101 Amore
543 4061 652 4115 semper
673 4047 823 4118 conjugum
846 4047 896 4101 ent
917 4045 981 4100 odio
1001 4059 1113 4099 nocens.

421 4131 577 4203 Hippolyte
598 4133 671 4190 tales
691 4134 786 4190 intuor
809 4132 904 4189 vultus
924 4134 988 4188 tuos

421 4218 557 4290 'l'olesque
580 4219 641 4276 ieci.

973 4323 1001 4361 v.
1028 4299 1184 4358 1173-8.

775 4425 837 4482 Heu
858 4441 911 4482 me.
956 4425 1015 4494 Quo
1036 4426 1102 4480 tuus
1123 4419 1197 4492 fugit
1218 4417 1302 4474 decor

422 4512 557 4584 Oculique
579 4515 704 4569 nostrum
727 4511 822 4570 sidus?
866 4512 1009 4568 Exanimis
1028 4511 1113 4582 jaces.

420 4599 492 4654 Ades
514 4616 665 4671 parumper
686 4599 826 4669 verbaque
847 4599 949 4654 exaudi
970 4613 1041 4652 mea.

420 4687 470 4742 Nil
491 4690 574 4758 turpe
594 4685 744 4756 loquimur.
788 4685 849 4742 Hac
870 4704 956 4741 manu
977 4697 1080 4755 poenas
1100 4679 1154 4738 tibi

421 4773 534 4832 Solvam
556 4777 585 4831 el
606 4772 726 4828 ueiendo
749 4774 856 4844 pectori
878 4773 982 4830 ferrum
1003 4771 1124 4828 inseram
