3554 5406
549 521 590 578 ne
611 522 642 578 n.
665 521 765 580 mese
785 521 896 578 censes
918 519 1089 594 megene.
1415 520 1454 578 er

202 695 487 778 interpretandum,
524 702 559 758 ιιι
589 693 657 760 suis
689 693 830 759 consiliis
864 692 1019 758 destituta
1040 693 1155 758 nutrici
1176 712 1211 756 se
1232 697 1333 758 totam
1354 692 1458 758 tredi-

202 799 295 863 derit.
337 795 431 868 Quod
453 796 581 879 quidem
604 796 645 858 ed
667 794 856 860 atrocissimi
878 794 1005 860 sceleris
1028 793 1181 860 invidiam
1203 812 1224 857 s
1244 793 1381 860 Phadra
1402 795 1459 858 de·

202 899 380 981 pellendam
412 899 490 961 bene
520 905 604 960 esset
626 903 658 960 et
680 897 841 979 sapienter
862 895 1051 970 institutum,
1074 895 1136 959 nisi
1158 895 1266 977 paullo
1285 902 1361 977 post
1382 915 1458 960 ean-

203 1001 271 1062 dem
294 998 384 1064 illam
406 999 587 1075 Phaedrarn,
609 998 696 1079 cnjus
718 997 842 1062 consilii
858 997 966 1060 nutrix
977 997 1058 1078 jecit
1072 998 1286 1071 fundamenta,
1300 996 1344 1072 id,
1360 1015 1458 1078 quan-

202 1107 268 1166 tum
301 1101 334 1164 in
365 1100 438 1182 ipsa
459 1107 519 1174 eet,
541 1106 762 1182 exsequentem
784 1098 971 1162 videremus.
1015 1097 1170 1170 Quoniam
1192 1098 1289 1180 igitur
1311 1097 1373 1161 dici
1395 1119 1458 1162 non

202 1208 320 1284 potest,
354 1201 461 1266 omnia
492 1221 550 1283 per
570 1200 725 1264 nutricem
748 1219 817 1263 esse
839 1208 921 1275 acts,
943 1201 1111 1265 Phaedram
1134 1200 1237 1281 ipsam
1261 1199 1399 1281 quietem
1423 1221 1458 1262 e-

203 1303 298 1383 gisse,
331 1311 364 1367 et
395 1303 540 1384 quoniam
575 1302 662 1364 illem
696 1320 829 1383 qnoque,
862 1302 923 1364 etsi
956 1321 1017 1364 non
1042 1301 1186 1374 audacia,
1208 1300 1331 1364 malitia
1351 1307 1457 1366 tamen

204 1411 288 1467 certe
310 1402 404 1485 hujus
425 1403 555 1467 sceleris
577 1403 715 1482 attingit,
741 1403 812 1483 jure
834 1401 999 1492 quaesituri
1021 1402 1172 1475 videmur,
1195 1422 1262 1484 qnae
1284 1401 1328 1464 sit
1352 1421 1459 1478 cansa,

205 1525 275 1588 quae
309 1525 376 1568 eam
408 1505 560 1586 impellat,
592 1503 763 1568 ulciscendi
796 1504 934 1568 studium
968 1523 1007 1567 en
1040 1502 1174 1584 periculi
1198 1511 1307 1566 metus.
1355 1502 1459 1577 Quam

208 1605 410 1688 quaestionem
443 1607 483 1668 ab
516 1605 672 1688 Euripide
704 1604 761 1678 ita,
783 1613 818 1667 ιιι
839 1625 939 1686 nuper
960 1604 1105 1680 vidimus,
1128 1604 1329 1686 explicatam,
1350 1606 1391 1670 ab
1414 1604 1457 1669 Ο-

204 1707 291 1772 vidie
315 1714 419 1774 entem
443 1707 584 1770 breviter
605 1713 726 1770 tentum
749 1705 885 1768 illatam:

445 1807 583 1864 Judiciine
605 1810 682 1863 metu
704 1806 794 1878 magis
816 1806 955 1863 offensane
970 1805 1107 1877 repulsae?

996 1893 1065 1950 Met.
1087 1893 1150 1957 XV,
1175 1893 1247 1948 503.

203 2017 255 2081 hic
287 2035 326 2080 ne
359 2033 428 2079 esse
462 2014 589 2096 quidem
622 2015 810 2096 suspicatur.
854 2013 955 2097 Atqui
981 2015 1019 2078 de
1041 2014 1166 2095 ingenio
1189 2015 1336 2098 cujusque
1357 2023 1460 2097 poetae

203 2137 264 2180 non
299 2116 401 2180 minus
435 2135 475 2178 ex
497 2116 548 2191 iis,
572 2117 696 2199 opinor,
716 2115 921 2196 judicandum
946 2120 1005 2191 est,
1028 2136 1095 2198 quae
1118 2117 1283 2196 preteriit,
1306 2136 1397 2200 quam
1420 2137 1461 2180 ex

203 2219 252 2293 iis,
274 2237 342 2300 quae
364 2217 525 2281 tractavit.
563 2216 648 2288 Quid
672 2218 710 2280 de
732 2217 792 2280 hoc
813 2215 910 2299 igitur
932 2217 1080 2293 dicamus,
1103 2218 1158 2300 qui
1181 2217 1335 2299 ejusmodi
1358 2219 1459 2282 locum

202 2339 264 2383 non
297 2319 450 2400 attigerit,
483 2337 542 2400 quo
569 2319 638 2382 loco
661 2319 762 2382 nullus
785 2338 883 2401 neque
906 2319 945 2380 ad
969 2327 1187 2399 argumentum
1209 2318 1381 2400 tragoedia
1404 2339 1461 2382 ex-

203 2419 382 2502 plicendum
416 2420 460 2482 sit
492 2419 619 2500 gravior
640 2439 740 2503 neque
763 2419 804 2482 ad
827 2418 968 2482 rationes
991 2420 1087 2483 animi
1110 2419 1236 2484 humani
1259 2421 1385 2502 penitus
1409 2440 1462 2484 co-

204 2522 399 2603 gnoscendas
421 2521 552 2584 utilior?
584 2521 704 2584 Idcirco
726 2519 909 2602 perplexum
935 2520 1059 2584 omnino
1083 2529 1115 2584 et
1136 2521 1314 2602 ambiguum
1336 2521 1374 2584 de
1394 2541 1461 2585 mc-

204 2623 291 2686 ribus
312 2623 455 2686 Phaedree
475 2622 627 2702 judicium
651 2631 716 2698 est;
748 2641 842 2704 quam
867 2621 1092 2687 obscuritatem
1115 2641 1163 2698 es,
1186 2643 1253 2704 quae
1275 2629 1461 2706 sequuntur,

203 2724 291 2788 haud
312 2724 453 2806 paullum
477 2723 646 2804 adaugent.

286 2825 369 2890 Dolo
402 2833 506 2889 autem
541 2826 595 2889 illo
627 2825 792 2899 instructo,
814 2843 884 2888 eccs
906 2824 1048 2887 Theseus
1070 2845 1108 2888 ex
1131 2825 1241 2889 inferis
1264 2826 1354 2890 redit.
1399 2826 1461 2899 Qui

205 2948 226 2991 a
258 2928 379 2992 nutrice
412 2927 529 2990 certior
562 2928 665 2989 fectus
698 2925 841 2991 Pheedree
874 2925 952 2988 mori
986 2945 1055 2988 esse
1090 2927 1292 3002 obstinatum,
1326 2930 1368 2992 ab
1389 2928 1461 3011 ipsa

205 3030 325 3092 frustra
347 3035 488 3104 conatus,
512 3029 583 3111 quid
607 3047 710 3092 canses
733 3025 865 3093 consilio
889 3025 1001 3102 subsit,
1024 3027 1149 3100 elicere,
1171 3028 1297 3104 nutrici,
1319 3029 1381 3093 nisi
1396 3049 1461 3093 rem

205 3130 341 3212 aperiat,
373 3130 462 3210 ignes
496 3138 528 3194 et
560 3136 720 3193 tormenta
743 3129 915 3192 minitetur.
960 3131 1038 3193 Tum
1063 3129 1197 3193 Phaedra
1219 3129 1284 3192 vim
1307 3129 1369 3193 sibi
1393 3150 1461 3194 esse

204 3231 329 3294 illatam
353 3231 505 3294 ostendit:
530 3232 599 3314 quis
622 3231 775 3305 intulerit,
798 3230 950 3312 quaerenti
972 3229 1114 3294 relictum
1137 3232 1177 3293 ab
1200 3231 1377 3315 Hippolyto
1391 3231 1462 3314 gla-

206 3334 291 3396 dium
322 3332 431 3396 tradit.
477 3333 576 3405 Quem
610 3332 664 3396 ille
689 3333 743 3395 ubi
766 3332 823 3395 filii
847 3351 914 3394 esse
937 3331 1079 3412 agnovit,
1101 3331 1131 3394 in
1155 3333 1246 3396 fictos
1269 3332 1335 3411 ejus
1359 3351 1461 3396 mores

204 3434 450 3516 simulatamque
472 3434 638 3498 tristitiem
662 3435 864 3498 vehementer
885 3431 1038 3507 invectus,
1053 3432 1195 3514 graviter
1210 3433 1307 3496 etiam
1324 3433 1361 3496 de
1377 3454 1463 3498 ccm-

205 3537 291 3601 muni
314 3536 387 3599 vitae
411 3535 593 3600 condicione
615 3535 784 3618 fallacique
817 3553 920 3598 rerum
942 3531 1046 3616 specie
1070 3541 1268 3617 conquestus,
1292 3534 1331 3597 ad
1355 3544 1462 3598 extre-

205 3658 288 3702 mum
323 3657 342 3699 s
373 3644 466 3719 patre
498 3638 646 3720 Neptuno
680 3636 738 3700 tilii
770 3654 903 3717 poenam
936 3642 1091 3717 precatur.
1136 3637 1206 3699 Hoc
1236 3636 1335 3718 igitur
1366 3644 1461 3720 pacto

206 3740 452 3802 circumventum
475 3739 684 3822 Hippolytum
708 3738 799 3820 fingit
821 3736 957 3800 Seneca:
980 3736 1067 3816 cnjus
1090 3735 1246 3800 rationem
1269 3744 1306 3801 ut
1328 3756 1391 3801 non
1406 3758 1463 3802 ve·

205 3840 366 3904 hementer
396 3839 655 3920 vituperaverim,
687 3840 735 3902 ita
768 3838 809 3901 ab
842 3837 1007 3918 Euripidis
1035 3844 1104 3900 arte
1126 3837 1233 3918 procul
1255 3838 1366 3904 abesse
1389 3859 1463 3904 con·

204 3941 369 4006 tenderim.
412 3942 510 4022 Apud
542 3941 630 4004 illum
657 3940 739 4004 enim
762 3938 868 4002 omnia
896 3936 1084 4002 firmissimis
1106 3939 1305 4004 necessitatis
1327 3940 1462 4004 vinculis

206 4043 369 4125 colligata:
403 4042 470 4104 haec
503 4041 633 4106 fortuito
668 4041 769 4122 magis
798 4048 830 4104 et
851 4047 970 4104 temere
993 4040 1169 4104 decurrunt.
1212 4040 1298 4112 Quid
1321 4041 1413 4116 enim,
1434 4041 1463 4107 si

206 4145 398 4227 Hippolytus
430 4143 533 4225 patris
555 4143 694 4206 adventu
718 4142 825 4207 audito
848 4141 1057 4205 accurrisset?
1100 4141 1137 4206 Si
1159 4142 1299 4206 Theseus
1320 4141 1464 4207 Phaedrae

206 4244 398 4309 cunctatim
421 4242 628 4308 credidisset?
651 4243 678 4307 si
707 4243 805 4307 filium
829 4243 858 4305 ei
880 4243 1026 4306 libuisset
1046 4261 1215 4318 arcessere,
1238 4250 1272 4308 ut
1294 4250 1349 4307 ant
1370 4244 1464 4306 audi-

207 4353 256 4410 ret
286 4355 446 4428 tamquam
480 4363 566 4408 reum
596 4353 652 4407 sut
674 4346 896 4408 condemnaret
916 4351 1073 4426 tamquam
1096 4345 1280 4408 nocentem?
1323 4343 1464 4418 Quorum

206 4447 387 4511 utrumlibet
409 4453 493 4510 certe
516 4453 549 4509 et
569 4445 675 4529 potuit
697 4446 840 4510 accidere
862 4453 903 4520 et,
926 4445 953 4508 ei
977 4443 1156 4521 accidisset,
1179 4445 1277 4508 alium
1294 4465 1398 4510 rerum
1415 4447 1463 4509 si-

207 4547 334 4612 lecisset
355 4555 510 4612 eventum.

289 4651 362 4714 Jam
394 4668 470 4712 vero
503 4647 671 4733 Hippolyti
705 4648 815 4712 mortis
837 4647 977 4712 narratio
999 4647 1113 4712 iisdem
1138 4647 1282 4712 omnibus
1303 4647 1393 4712 vitiis
1415 4648 1464 4712 le-

208 4749 312 4827 borst,
341 4769 409 4834 qnae
441 4750 474 4814 in
506 4749 612 4832 priore
640 4750 748 4816 tabula
769 4751 962 4814 recensenda
983 4749 1112 4832 propria
1132 4748 1165 4812 in
1186 4748 1246 4812 hoc
1267 4767 1381 4832 genere
1401 4749 1464 4816 Se·
