3554 5406
566 559 607 614 De
628 558 660 614 L.
684 558 782 614 Annaei
804 557 913 614 Senecae
935 557 1105 630 Tragoediis.
1428 559 1466 615 49

206 741 265 793 'ecs
288 729 442 793 declarat:
471 738 536 794 turn
558 747 651 794 curru
673 731 770 793 alatis
792 729 990 812 serpentibus
1007 729 1115 810 juncto
1139 749 1155 792 e
1178 736 1344 810 conspectu
1370 729 1469 792 subli-

211 831 274 894 mis
294 831 463 913 abripitur.

231 956 234 965 ·
294 933 382 995 Haec'
402 939 452 994 est
484 931 654 1012 Euripidia
687 933 780 1014 hujus
808 930 985 1013 argumenti
1008 931 1233 1006 conforrnati03
1255 930 1343 1010 cnjus
1366 931 1396 992 in
1420 933 1469 992 fa-

209 1033 285 1096 bula
316 1042 351 1096 ut
384 1033 463 1096 illud
487 1033 627 1096 dubitari
653 1040 770 1114 potest,
793 1053 939 1096 omnesne
961 1033 1197 1114 perfectissimae
1219 1031 1298 1094 artis
1322 1051 1469 1095 numeros

207 1135 368 1215 compleat
389 1153 496 1208 necne,
518 1134 575 1208 ita,
599 1153 666 1215 quae
688 1134 733 1196 sit
748 1133 831 1196 ratio
855 1134 930 1214 ejus,
953 1153 1020 1214 qum
1033 1153 1129 1209 mens,
1142 1151 1210 1214 quea
1223 1133 1390 1208 sententia,
1403 1133 1469 1196 luce

209 1235 288 1296 mihi
312 1253 380 1296 esse
404 1233 531 1297 ridetur
553 1235 677 1298 clarius.
712 1233 797 1306 Quid
821 1235 904 1297 enim
928 1234 1013 1296 aliud
1036 1241 1131 1315 poeta
1153 1233 1309 1314 significat
1323 1241 1380 1295 aut
1395 1233 1470 1315 qnid

207 1335 294 1398 aliud
316 1335 386 1404 lraeo‘
403 1336 477 1417 ipsa
497 1334 612 1399 Medea
634 1335 803 1398 liberorum
827 1335 911 1398 lucto
925 1343 1110 1416 consumpta
1125 1335 1275 1408 declarat,
1290 1334 1362 1409 nisi,
1377 1353 1469 1416 quum

209 1435 275 1498 alia
289 1464 292 1476 =
307 1435 374 1499 sint
407 1437 558 1510 virorum,
592 1437 656 1498 alia
686 1423 849 1500 mulierum
875 1435 988 1510 officia,
1010 1436 1037 1498 si
1061 1456 1122 1519 qna
1145 1435 1257 1498 mulier
1278 1435 1469 1499 constitutos

208 1554 265 1600 sno
288 1535 393 1618 generi
415 1537 494 1600 lines
518 1537 715 1619 migraverit
730 1546 771 1612 et,
794 1557 855 1620 qua
877 1537 1000 1600 ratione
1023 1536 1085 1600 viri
1107 1537 1140 1600 in
1164 1537 1258 1599 rebus
1280 1537 1410 1616 agendis
1432 1556 1470 1598 u-

208 1644 327 1712 tantur,
350 1639 391 1700 ed
414 1653 482 1700 earn
504 1657 564 1701 sue
585 1639 728 1712 consilia,
752 1657 810 1700 sna
832 1639 919 1702 facta
941 1637 1106 1714 direxerit,
1127 1645 1192 1700 tum
1207 1655 1268 1699 non
1286 1637 1378 1700 modo
1397 1637 1470 1720 ipsi,

208 1739 264 1800 sed
298 1739 338 1801 iis
372 1739 480 1813 etiarn,
506 1739 609 1821 siqui
633 1757 703 1801 cum
728 1759 766 1801 ea
788 1740 855 1802 sint
876 1739 1043 1819 conjuncti,
1067 1738 1222 1800 maximas
1245 1737 1470 1818 gravissimas-

208 1859 268 1921 que
301 1839 439 1902 existere
473 1839 575 1903 solere
601 1839 823 1902 calamitates?
865 1841 992 1903 Etenim
1017 1842 1179 1902 ardentem
1204 1839 1359 1920 quendam
1384 1838 1469 1901 etin

208 1941 439 2022 cupiditatibus
474 1960 568 2022 quum
603 1941 819 2004 vehementem
841 1949 906 2004 tum
931 1941 1122 2022 pertinacem
1148 1948 1263 2002 natura
1285 1940 1469 2001 muliebrem

209 2041 345 2104 animum
379 2043 569 2123 procreavit,
604 2061 664 2124 quo
687 2043 810 2104 facilins
833 2043 1055 2104 incenderetur
1077 2043 1110 2104 iu
1133 2041 1173 2104 iis
1196 2041 1390 2104 incredibilis
1412 2041 1469 2102 illa

208 2141 258 2203 vis
292 2149 325 2204 et
352 2144 487 2206 facultas
510 2143 735 2225 amandique
758 2143 900 2218 maritos,
923 2131 985 2225 qua
1006 2143 1135 2217 liberos,
1158 2161 1221 2223 qua
1244 2161 1293 2204 res
1317 2141 1468 2204 domesti-

208 2261 262 2305 cas
285 2263 392 2306 omnes
416 2243 663 2324 amplectuutnr3
686 2263 753 2326 quae
774 2244 824 2306 vis
847 2245 909 2306 nisi
932 2245 973 2308 iis
996 2253 1081 2306 esset
1096 2243 1351 2324 ingenitatanta,
1369 2261 1469 2324 quan-

208 2351 276 2406 tam
299 2345 404 2408 inesse
426 2346 458 2408 in
481 2345 522 2407 iis
545 2345 701 2420 ridemus,
730 2365 897 2427 numquam
919 2345 1063 2428 profecto
1086 2363 1125 2407 ea
1147 2363 1287 2418 munera,
1310 2363 1378 2425 quae
1401 2363 1469 2406 rna-

207 2445 294 2508 xime
316 2446 358 2508 ad
380 2445 505 2528 generis
527 2445 657 2510 humani
680 2447 814 2510 salutem
836 2446 1145 2528 incolumitatemque
1167 2445 1372 2526 pertinerent,
1387 2445 1467 2508 tueri

209 2565 248 2608 ac
280 2547 439 2610 sustinere
467 2546 655 2610 inducerent
687 2547 720 2610 in
749 2547 898 2624 animum,
924 2556 959 2610 ut
981 2556 1012 2610 et
1034 2545 1179 2628 pariendi
1202 2546 1319 2609 liberos
1343 2546 1467 2609 dolores

208 2653 242 2709 et
274 2648 428 2712 educandi
461 2647 684 2731 nutriendique
717 2649 878 2712 molestias
912 2658 944 2713 et
975 2648 1110 2730 imperia
1142 2647 1280 2710 virorum
1308 2647 1467 2710 tolerandi

208 2744 394 2812 seruitutem
417 2770 477 2812 non
500 2750 592 2812 modo
615 2750 723 2833 eequis,
746 2750 801 2812 sed
825 2749 995 2813 libentibus
1017 2748 1134 2812 animis
1157 2748 1361 2829 susciperent.
1404 2745 1468 2812 At-

208 2863 269 2930 que
290 2848 357 2912 hmo
377 2851 427 2913 vis
450 2849 612 2914 muliebris
635 2851 732 2914 animi
755 2849 906 2932 quamdin
928 2851 961 2914 in
984 2851 1049 2913 illis
1072 2849 1249 2925 affectibus,
1271 2849 1386 2931 quibus
1409 2849 1468 2912 ho·

210 2950 311 3013 mines
344 2951 524 3014 hominibus
557 2953 694 3015 maxime
717 2951 933 3026 conciliantur,
955 2951 1161 3033 expromitur,
1184 2951 1272 3013 utin
1295 2951 1413 3034 pietate
1437 2958 1469 3014 et

207 3069 314 3114 amore
336 3059 369 3114 et
391 3053 617 3128 misericordia,
639 3062 704 3116 tum
726 3052 759 3114 in
782 3061 913 3128 naturae,
935 3062 971 3116 ut
992 3053 1040 3115 ita
1059 3052 1172 3127 dicam,
1189 3051 1380 3114 auctoritate
1395 3057 1468 3114 suut

207 3151 311 3233 idque,
344 3155 428 3236 quod
460 3154 517 3216 illa
538 3154 650 3229 voluit,
673 3161 771 3234 agunt
792 3155 1058 3237 plurimarumque
1081 3173 1183 3217 rernm
1208 3160 1239 3216 et
1260 3152 1467 3216 suauissima-

208 3271 275 3316 rum
308 3261 341 3316 et
373 3255 531 3318 universis
564 3253 744 3318 bominibus
777 3265 809 3317 et
841 3256 972 3337 singulis
993 3263 1068 3318 sunt
1090 3255 1279 3317 effectricesr
1303 3255 1417 3316 eaedem
1439 3249 1467 3316 si

208 3363 355 3418 naturam
383 3355 494 3419 ducem
518 3365 727 3437 aspernantur
748 3375 882 3439 eumque
905 3356 1060 3431 ardorem,
1083 3375 1174 3437 quem
1196 3355 1252 3417 illa
1274 3355 1376 3418 voluit
1398 3373 1466 3416 csse

207 3454 379 3519 beneficum
408 3464 441 3520 et
462 3465 628 3530 amantem,
651 3457 692 3520 ad
715 3458 848 3520 nocendi
870 3456 1086 3540 perdendique
1108 3456 1245 3519 studium
1267 3462 1466 3530 convertunt,

209 3563 244 3618 ut
276 3567 422 3638 acceptae
445 3557 577 3639 injurias
601 3578 673 3634 non,
697 3559 779 3640 quod
801 3559 955 3621 muliebre
978 3568 1037 3633 est,
1058 3557 1196 3621 tolerare
1218 3557 1388 3640 patienter,
1410 3555 1466 3620 sed

207 3657 347 3720 virorum
369 3679 454 3722 more
479 3659 606 3722 sortiter
627 3660 789 3722 vindicare
812 3648 971 3734 conentur,
987 3667 1064 3734 tum,
1080 3665 1228 3740 quantum
1245 3659 1323 3721 viris
1338 3657 1466 3720 amandi

208 3761 341 3822 caritate
364 3767 396 3822 et
418 3760 598 3823 constantia
619 3761 848 3842 praestiterunt,
869 3769 994 3824 tantum
1016 3781 1069 3823 eos
1093 3759 1158 3822 odii
1180 3758 1212 3821 vi
1235 3767 1268 3822 et
1288 3759 1466 3842 pertinacia

207 3857 339 3924 vincunt
359 3867 453 3943 atque
474 3861 521 3923 ita
543 3861 722 3944 praecipites
745 3861 786 3923 ad
809 3861 981 3924 ulciscendi
1005 3861 1172 3943 rapiuntur
1184 3860 1398 3942 cupiditatem,
1420 3868 1466 3936 nt,

208 3959 377 4024 dummodo
411 3961 452 4037 ei,
484 3947 578 4044 quern
612 3963 746 4037 oderint,
779 3962 892 4026 vulnus
924 3963 1079 4044 infligant,
1112 3981 1205 4044 quam
1229 3961 1369 4042 graviter
1390 3961 1466 4043 ipsae

208 4059 394 4138 lacerentur,
428 4083 486 4145 pro
520 4063 620 4126 nihilo
643 4064 784 4126 habeant
805 4071 899 4145 atque
922 4071 1134 4128 contemnant.
1177 4063 1229 4124 Ita
1252 4063 1297 4138 fit,
1319 4070 1354 4126 ut
1375 4081 1466 4124 uum-

208 4181 301 4244 quam
323 4164 389 4226 lere
413 4162 525 4227 mulier
547 4164 729 4227 muliebrem
753 4165 876 4227 modum
898 4165 1040 4240 excedat,
1063 4172 1179 4228 utnon
1201 4163 1309 4226 eodem
1324 4171 1465 4244 tempore

207 4261 416 4328 humanitatis
438 4264 628 4329 transsiliat.
661 4264 754 4337 Quod
775 4265 824 4328 ita
847 4285 916 4328 esse
939 4286 1033 4348 quum
1057 4274 1088 4328 et
1109 4265 1250 4328 historica
1267 4263 1464 4327 muliebrium

208 4365 346 4428 furorum
381 4367 506 4429 refertae
539 4367 757 4429 demonstrant
790 4373 823 4428 et
855 4367 921 4430 haec
942 4368 1011 4430 vita
1033 4365 1104 4448 ipsa
1126 4365 1311 4447 quotidiana
1333 4383 1395 4428 non
1419 4364 1466 4425 ita

207 4483 280 4528 raro
303 4467 476 4542 confirmat,
497 4474 566 4531 turn
590 4487 696 4530 earum
719 4467 913 4544 feminarum,
935 4488 1001 4550 quae
1024 4467 1141 4530 fabulis
1164 4465 1362 4539 inducuntur,
1378 4463 1465 4527 nulla

208 4573 264 4629 aut
295 4565 448 4631 illustrius
481 4567 623 4632 ostendit
654 4576 711 4632 aut
730 4568 871 4632 atrocius
895 4588 990 4651 quam
1013 4569 1146 4644 Medea;
1168 4587 1236 4649 quae
1258 4564 1405 4649 quum‘in
1428 4584 1466 4626 a·

208 4667 323 4731 mando
347 4688 444 4751 usque
467 4689 504 4732 eo
527 4668 742 4751 processisset,
767 4675 803 4732 ut
827 4681 958 4753 propter
978 4669 1079 4746 illum,
1102 4687 1193 4750 quem
1215 4666 1352 4742 amabat,
1375 4673 1407 4729 et
1428 4665 1465 4727 fi-

156 4765 161 4772 “
207 4767 259 4833 liae
281 4776 315 4834 et
334 4769 454 4834 sororis
477 4787 592 4834 nomen
613 4769 777 4852 abjiceret,
799 4789 907 4835 rursus
929 4769 1046 4854 injuria
1068 4777 1199 4851 accepte
1220 4766 1391 4832 ulciscendi
1410 4786 1465 4830 cu·
