3508 5404
312 467 352 532 92
798 465 829 524 θ.
851 467 884 526 bi.
906 466 1079 524 Smdsmdm.

310 641 518 708 mediocritate
539 660 598 705 non
621 647 684 704 tam
707 639 811 704 landes
831 645 993 714 merentur,
1014 650 1104 722 quarn
1125 635 1388 720 reprehensionem
1408 639 1575 722 effugant,

310 753 346 808 ut
366 744 513 818 uideatur,
534 742 666 824 quisquis
688 740 767 804 hanc
788 740 922 804 sabulum
944 739 1083 821 scripsit,
1104 738 1255 821 aspirasse
1275 740 1326 806 ille
1347 740 1464 823 quidem
1478 743 1519 805 ed
1534 742 1576 804 il-

311 845 407 908 lorum
429 845 578 918 duorum.
600 843 709 926 quibus
730 840 790 904 illa
816 841 932 922 priores
951 840 1126 914 abundent,
1147 839 1333 906 dulcedinem
1360 850 1451 923 etque
1470 843 1576 924 splen·

312 947 430 1021 dorem,
462 944 604 1027 consequi
636 953 738 1008 autern
771 952 894 1025 propter
924 941 1035 1022 ingenii
1063 941 1252 1006 debilitatem
1274 942 1410 1026 potuisse
1431 961 1514 1018 raro,
1537 953 1577 1010 ut

311 1047 402 1110 otiam
425 1064 648 1128 nonnumquam
671 1063 730 1108 non
751 1043 880 1125 judicio,
902 1043 958 1106 sed
980 1043 1197 1124 defatigatione
1218 1045 1259 1108 ad
1282 1062 1387 1110 sanam
1410 1063 1575 1126 propemo-

311 1150 382 1210 dum
411 1156 442 1211 et
469 1147 634 1231 simplicem
662 1145 827 1208 orationem
849 1143 1049 1208 descenderit.
1093 1143 1135 1206 Et
1157 1145 1298 1225 quoniam
1320 1143 1451 1208 diximus
1471 1145 1502 1208 iu
1525 1147 1575 1208 bis

312 1248 438 1325 sabulis,
460 1267 524 1330 qum
547 1248 670 1312 Seneca
691 1245 912 1328 abjudicantur,
946 1245 1027 1308 loces
1048 1243 1172 1326 reperiri
1194 1247 1368 1319 nonnullos,
1401 1246 1452 1327 qni
1473 1257 1576 1310 certo-

311 1369 375 1412 rum
398 1350 585 1433 quornndem
607 1347 638 1410 iu
660 1348 810 1429 prioribus
832 1346 941 1409 fabulis
963 1345 1093 1408 locorum
1110 1346 1287 1412 imitationis
1302 1349 1577 1429 adlerrentsuspi-

312 1451 446 1526 cionem,
479 1452 543 1532 ejus
574 1448 753 1512 imitationis
786 1448 954 1530 exemplum
987 1447 1102 1510 nullum
1124 1447 1244 1512 adferre
1266 1466 1423 1532 possumus
1445 1449 1574 1512 menite-

312 1552 405 1627 stius‚
428 1571 516 1634 quam
538 1551 627 1631 hujus
648 1548 742 1632 ipsius
763 1548 875 1612 labulae
898 1549 1068 1611 exordium:
1091 1565 1129 1609 ex
1150 1566 1209 1629 qua
1230 1571 1327 1633 peuce
1349 1549 1548 1630 subjecimus:

311 1652 442 1723 Tbyestis
462 1653 571 1710 umbra.
595 1649 692 1720 Opous
713 1649 843 1720 linquens
863 1649 937 1704 Ditis
957 1647 1060 1704 inferni
1082 1647 1145 1705 lona

592 1736 698 1794 amum
719 1735 857 1808 probando
879 1735 993 1795 Tartari
1014 1734 1128 1792 emmens
1149 1748 1234 1806 specu

597 1823 722 1889 Incertus
743 1825 822 1878 utres
844 1821 952 1880 oderim
973 1822 1050 1878 sedes
1071 1821 1176 1894 nangis:

595 1910 683 1984 Fugio
704 1909 840 1981 Thyestes
861 1908 976 1976 inferos,
999 1925 1111 1980 superos
1132 1907 1240 2050 fugo.4

1104 2014 1132 2051 v.
1158 1996 1214 2049 1-
1244 2035 1251 2050 .
1350 1999 1354 2008 '

592 2118 675 2174 Libet
695 2116 809 2174 revesti.
853 2114 954 2174 Nonne
975 2117 1021 2174 rol
1042 2117 1138 2173 tristes
1159 2116 1237 2173 lacus

592 2204 716 2262 incolere
737 2203 844 2260 satim?

1103 2307 1131 2346 v.
1159 2287 1294 2343 12-13.

594 2409 647 2466 Sed
669 2411 854 2480 surrepente
876 2409 967 2466 noetis
988 2409 1091 2466 aestivae
1113 2409 1187 2466 vices

593 2495 717 2552 Hiberna
738 2495 824 2568 longa
845 2496 939 2566 spatia
960 2495 1118 2567 producunt
1139 2513 1218 2551 mora

592 2583 650 2640 Aut
672 2583 740 2654 qnid
762 2583 892 2640 cudentes
913 2582 1022 2639 detinet
1043 2583 1140 2639 stelles
1160 2580 1247 2654 polo?

591 2669 735 2727 Phoebum
756 2687 907 2730 moremur.
951 2670 1047 2726 Redde
1065 2671 1126 2743 jem
1147 2669 1253 2725 mundo
1273 2667 1357 2723 diam.

1104 2776 1131 2815 v.
1158 2757 1295 2814 53-56.

309 2877 458 2940 Videmus
480 2874 634 2939 simillima
654 2876 718 2941 haec
739 2895 805 2941 esse
826 2877 878 2952 iis,
905 2895 972 2960 quae
998 2877 1029 2940 iu
1052 2877 1148 2959 primo
1172 2887 1243 2941 actu
1265 2877 1410 2961 Thyestae
1431 2887 1570 2943 trecten-

309 2988 368 3043 tur.
411 2979 521 3041 Potest
546 2977 604 3040 dici
633 2978 672 3041 ab
699 2979 804 3041 eodem
825 2979 890 3041 haee
912 2998 976 3041 esse
999 2987 1089 3061 atque
1111 2979 1163 3042 ille
1184 2980 1320 3061 prolecta
1341 2979 1571 3062 consimilesqne

311 3081 350 3142 ab
377 3099 412 3142 eo
435 3079 516 3142 locos
537 3079 568 3142 in
590 3079 814 3161 Agamemnone
836 3080 917 3162 pu'ns
940 3081 1024 3162 quasi
1046 3080 1259 3155 adumbratos,
1291 3086 1360 3162 post
1380 3080 1411 3144 in
1434 3081 1571 3164 Thyeste

310 3181 516 3245 vehementius
539 3199 605 3244 esse
628 3188 777 3245 tractatos
800 3189 831 3244 et
852 3181 1010 3262 copiosius.
1053 3177 1099 3244 At
1127 3181 1255 3264 primnm'
1277 3181 1419 3243 credibile
1441 3201 1500 3244 non
1523 3193 1570 3246 est

310 3303 357 3346 res
378 3290 442 3345 tam
465 3282 610 3364 grandes,
631 3291 696 3346 tam
719 3281 869 3357 excelsas,
897 3291 961 3344 tam
983 3282 1120 3345 omnibns
1143 3281 1287 3345 orationis
1310 3283 1494 3345 ornamentis
1516 3303 1570 3347 ac-

310 3385 529 3458 commodatas,
550 3392 615 3447 tum
636 3383 739 3465 paucis
760 3384 899 3446 versibus
920 3403 980 3445 non
1002 3384 1090 3445 nimis
1112 3384 1246 3446 excitata
1267 3383 1403 3446 oratione
1419 3385 1569 3448 delibatos

310 3486 410 3567 potius
433 3504 522 3569 quam
543 3491 751 3566 pertractatas
773 3485 924 3549 dimittere
946 3485 1080 3565 potuisse
1103 3483 1264 3548 Senecam:
1290 3503 1381 3566 quum
1403 3486 1568 3565 praesertim

310 3603 370 3648 non
391 3585 419 3649 is
439 3585 498 3663 sit,
530 3585 581 3670 qni
608 3585 710 3668 inopia
737 3595 769 3648 et
792 3585 952 3666 jejunitate
975 3575 1104 3660 laboret,
1136 3586 1190 3648 sed
1211 3585 1261 3668 qni
1283 3585 1456 3668 plerumque
1477 3587 1568 3650 etiam

309 3686 418 3750 vitiose
439 3687 594 3751 redundet.
636 3686 753 3750 Deinde
776 3687 853 3769 qnod
876 3695 907 3749 et
928 3686 1077 3751 Tantalus
1100 3694 1131 3749 et
1152 3686 1300 3768 Thyestes
1322 3686 1363 3749 ad
1383 3687 1496 3751 inferos
1517 3709 1568 3752 re-

309 3787 387 3850 verti
408 3807 440 3851 se
462 3787 551 3852 melle
573 3787 724 3863 declarat,
746 3786 776 3850 id
798 3808 837 3850 ex
858 3787 939 3850 illius
961 3806 1092 3869 persona
1113 3787 1223 3868 optime
1245 3787 1361 3861 dicitnr,
1384 3789 1433 3870 qui
1454 3789 1569 3852 invitus

309 3895 340 3951 et
361 3906 529 3970 repugnans
550 3889 589 3952 sd
611 3898 735 3970 nepotes
756 3889 924 3970 perdendos
947 3897 1066 3972 agatur,
1088 3905 1126 3951 ex
1147 3887 1237 3968 huJ‘ns
1260 3907 1319 3951 non
1341 3889 1429 3964 item,
1450 3891 1511 3974 qui,
1532 3899 1568 3954 nt

309 4007 396 4052 suurn
418 3989 511 4052 filium
532 3989 563 4052 in
577 3990 690 4053 ‘fratris
711 3990 851 4072 instiget,
882 4009 939 4054 sua
970 3999 1078 4072 sponte
1106 3985 1136 4051 in
1159 3989 1255 4052 lucem
1278 3990 1409 4054 redierit.
1453 3991 1514 4056 Sed
1535 3991 1565 4055 in

309 4091 376 4154 aliis
406 4109 522 4174 qnoque
544 4092 617 4155 locis
638 4091 788 4156 nonnullis
809 4091 889 4156 hand
910 4111 1006 4174 parva
1026 4090 1204 4154 imitationis
1225 4089 1306 4153 inest
1326 4093 1471 4175 suspicio:
1493 4113 1566 4177 qno-

307 4212 374 4257 rum
394 4193 450 4257 bos
472 4193 601 4277 subjeci:

410 4294 486 4366 olyt.
549 4293 621 4381 Quid
642 4293 744 4352 timida
764 4294 887 4365 loqueris
907 4293 986 4350 sorta
1006 4297 1037 4351 et
1057 4292 1173 4350 exilium
1194 4295 1224 4349 et
1246 4293 1346 4366 luges?

548 4381 631 4440 Soror
651 4381 707 4438 ista
727 4381 804 4438 iecit.
848 4381 888 4438 Te
909 4381 989 4438 decet
1010 4379 1280 4526 maiusvuegesw5

411 4587 518 4653 liedes.
545 4590 612 4648 unc
633 4587 802 4662 virgulum,
825 4589 938 4661 grarim
958 4588 1188 4662 exurgutdolor.

549 4677 661 4751 ldejcro
679 4677 740 4749 jem
761 4692 806 4732 me
827 4675 932 4736 scelera
954 4678 1018 4746 post
1039 4675 1392 4820 micioeveitis-so.
