3554 5406
333 533 373 588 42
825 532 855 588 0.
879 532 910 588 n.
934 531 1104 589 Sandstrbm.

332 703 469 780 devovit,
492 724 528 768 eo
552 712 621 768 erat
642 723 747 768 errore
769 712 866 786 atque
891 704 932 767 iis
953 703 1092 769 tenebris
1114 701 1328 777 circumfusus,
1351 721 1419 784 qum
1440 701 1585 766 hnmsuae

332 806 446 868 mentis
480 807 548 870 acie
570 806 625 868 vix
648 806 762 888 dispici
784 813 920 885 possent.
964 804 1175 886 Hippolytum
1197 823 1273 867 vero
1297 823 1357 866 oon
1381 805 1474 868 modo
1496 803 1586 884 igno-

330 907 438 969 scendi
472 907 639 982 facilitate,
671 908 728 970 sed
761 907 855 970 etiam
884 906 1012 970 amandi
1035 906 1169 988 quadam
1194 905 1328 968 caritate
1350 904 1584 987 amplectimur:

331 1006 418 1086 cnjus
441 1028 479 1071 ea
501 1018 549 1072 est
570 1008 723 1091 pudicitia
751 1017 783 1072 et
808 1009 964 1072 sanctitas
988 1027 1120 1082 morum,
1151 1007 1202 1070 vix
1225 1014 1260 1069 ut
1282 1025 1301 1068 a
1322 1006 1500 1088 purissima
1521 1005 1587 1069 vir·

330 1108 411 1188 ginis
445 1111 557 1173 rubore
590 1130 627 1174 ac
649 1111 835 1174 castimonia
857 1111 1041 1182 abhorreat3
1064 1107 1141 1172 fides
1165 1115 1268 1171 autern
1293 1127 1331 1170 ac
1352 1107 1463 1188 religio
1485 1108 1584 1182 tanta,

331 1218 366 1272 ut
387 1211 439 1274 vel
461 1219 611 1292 paternas
634 1212 868 1276 exsecrationes
891 1211 996 1274 subire
1019 1228 1111 1291 quarn
1131 1209 1351 1290 jusjurandum
1372 1207 1493 1272 violare
1516 1225 1585 1270 rna-

330 1310 434 1373 luerit.
479 1312 579 1382 Qnem
612 1321 718 1376 tamen
747 1313 795 1376 ita
816 1322 911 1394 poeta
932 1311 1078 1374 omnibns
1101 1311 1193 1374 robus
1215 1310 1294 1372 facit
1316 1310 1530 1384 excellentem,
1550 1315 1586 1372 nt

328 1431 390 1474 non
411 1411 489 1476 illud
511 1423 689 1495 praetereat,
713 1415 796 1497 quod
819 1415 859 1476 ad
882 1414 1060 1476 institutum
1084 1421 1116 1475 et
1138 1410 1229 1493 quasi
1252 1418 1386 1474 mentem
1409 1410 1502 1491 hujus
1517 1418 1584 1472 trs-

329 1513 447 1592 goediae
481 1516 701 1596 explicandam
736 1516 842 1578 valere
875 1515 969 1578 debet
1000 1515 1051 1576 vel
1083 1512 1262 1596 plurimum,
1288 1531 1348 1594 quo
1370 1511 1498 1574 taudem
1521 1531 1583 1574 uon

329 1615 421 1678 modo
455 1616 591 1679 fatorum
625 1627 702 1680 nutu
734 1624 828 1699 atque
861 1617 1005 1690 arbitrio,
1027 1615 1083 1677 sed
1106 1613 1201 1676 etiam
1224 1613 1360 1676 hominis
1382 1613 1483 1693 ipsius
1505 1612 1583 1676 vitio

329 1716 381 1779 vel
403 1717 568 1780 debilitate
591 1718 783 1792 sittactum,
805 1725 926 1780 uttam
951 1717 1099 1798 gravibus
1122 1715 1303 1795 acerbisque
1327 1715 1451 1777 casibus
1474 1712 1583 1794 optimi

330 1825 362 1878 et
394 1818 612 1882 honestissimi
645 1820 785 1882 homines
809 1820 1024 1899 affligerentur
1046 1815 1179 1900 ideoque
1202 1817 1234 1878 in
1257 1833 1304 1891 eo,
1327 1835 1417 1898 quem
1441 1813 1584 1879 omnibns

330 1917 428 1980 animi
459 1919 550 1982 bouis
583 1928 725 1996 exornet,
757 1928 861 1983 tamen
884 1920 1064 1983 nonnullam
1086 1918 1119 1981 in
1144 1917 1267 1980 Venere
1290 1917 1468 1980 aversanda
1489 1917 1585 1978 conli-

330 2019 444 2082 dentiae
466 2022 678 2103 superbiaque
700 2022 910 2103 suspicionem
941 2021 1108 2102 relinquat.
1152 2018 1229 2088 Quae
1252 2019 1354 2081 omnia
1375 2025 1488 2080 contra
1510 2018 1585 2080 tacit

329 2121 458 2184 Seneca.
502 2121 566 2191 Qui
599 2142 691 2205 quum
724 2131 845 2186 ceteras
877 2142 1029 2204 personas
1061 2122 1109 2184 ita
1139 2120 1238 2183 habet
1266 2127 1475 2200 comparatas,
1498 2125 1531 2181 nt
1553 2119 1584 2180 in

329 2222 415 2284 nulla
448 2243 565 2299 earum,
597 2224 801 2288 incolumisne
835 2224 953 2286 evadat
985 2243 1024 2287 an
1059 2231 1178 2303 pereat,
1212 2221 1307 2283 nimis
1331 2220 1423 2282 nobis
1445 2239 1514 2282 esse
1536 2219 1583 2282 la·

329 2323 501 2388 bornadum
532 2334 675 2406 putemus
697 2363 737 2372 —
758 2345 830 2388 nam
863 2325 999 2389 Phaedra
1025 2325 1158 2404 impura,
1181 2322 1347 2404 impudica,
1370 2328 1530 2403 proterva,
1551 2321 1583 2382 iu

329 2424 452 2487 Theseo
476 2435 582 2489 autem
606 2435 638 2490 et
659 2428 849 2490 temeritatis
872 2446 933 2489 uon
956 2426 1035 2488 levis
1059 2432 1091 2488 et
1112 2423 1289 2506 impietatis
1312 2442 1463 2505 perquam
1480 2421 1583 2502 gravis

329 2527 459 2589 offensio
482 2563 521 2574 -
544 2536 609 2591 tum
630 2547 705 2592 vero
729 2529 899 2612 Hippolyti
921 2534 1065 2590 naturam
1080 2534 1111 2588 et
1123 2543 1223 2588 mores
1236 2526 1283 2587 ita
1296 2524 1475 2604 descripsit,
1487 2531 1522 2586 ut
1536 2522 1584 2585 vi·

329 2627 407 2690 tium
432 2629 555 2710 quidem
580 2629 646 2710 ejus
669 2631 784 2692 insulse
807 2638 840 2692 et
861 2630 974 2692 inseite
996 2628 1197 2709 significaret,
1220 2625 1332 2688 vitium
1347 2633 1452 2688 autem
1469 2625 1501 2686 id
1517 2643 1584 2688 esse

330 2749 481 2810 nusquam
514 2739 624 2811 aperte
653 2738 685 2793 et
708 2732 874 2813 diligenter
897 2730 1092 2793 ostenderet:
1116 2737 1151 2791 nt
1172 2727 1319 2789 interitus
1342 2727 1408 2806 ejus
1431 2725 1492 2788 nisi
1514 2744 1585 2788 cru-

330 2829 455 2893 delitati
489 2839 521 2893 et
554 2831 678 2894 libidini
712 2833 839 2896 deornm
869 2831 1026 2912 assignari
1053 2849 1115 2892 non
1137 2828 1251 2911 possit.
1293 2828 1403 2910 Neque
1426 2828 1509 2890 enim
1532 2845 1584 2889 ca-

329 2938 463 3006 tervam,
486 2932 589 3009 credo,
612 2935 785 3009 audiemus,
809 2953 901 3015 quum
926 2931 1154 2995 formosissimo
1179 2930 1287 3012 cuique
1302 2928 1491 3010 gravissima
1503 2947 1585 2990 sem-

329 3051 386 3113 per
418 3033 560 3096 accidere
583 3035 785 3098 demonstrat.
829 3036 976 3098 Alterum
1006 3052 1082 3096 vero
1106 3032 1194 3106 illud,
1216 3031 1300 3114 quod
1324 3031 1477 3092 interesse
1500 3028 1584 3091 dice-

329 3134 413 3209 bam,
436 3134 476 3197 ad
503 3135 602 3216 ipsius
626 3137 798 3217 argumenti
823 3136 1011 3198 contexendi
1034 3133 1188 3196 rationem
1212 3131 1362 3213 pertinet.
1406 3129 1583 3212 Singularis

329 3235 381 3297 hie
402 3256 439 3298 ac
460 3256 548 3317 paene
572 3237 695 3300 divinus
718 3239 835 3300 artilex
857 3237 1027 3317 Euripides
1035 3255 1044 3310 ;
1073 3234 1152 3298 nihil
1175 3253 1250 3296 casu
1273 3234 1389 3297 factum
1412 3231 1584 3306 inducitur,

328 3336 409 3399 nibil
432 3339 564 3401 fortunae
586 3339 759 3402 temeritati
783 3339 938 3414 debitum3
962 3337 1066 3401 omnia
1088 3335 1323 3418 sapientissime
1345 3341 1526 3415 praeparata
1547 3351 1585 3394 ac

328 3440 527 3519 praemunita,
561 3441 709 3521 colligata
741 3460 816 3503 vero
851 3447 947 3521 atque
980 3439 1062 3501 inter
1083 3457 1153 3500 sese
1176 3454 1319 3499 connexa
1340 3442 1406 3497 tam
1429 3433 1508 3496 artis
1529 3434 1584 3496 fir-

329 3539 450 3621 misque
483 3541 627 3616 vinculis,
648 3553 692 3616 ut,
716 3542 863 3624 quicquid
887 3541 1037 3612 evenerit,
1059 3559 1096 3602 ne
1119 3538 1262 3618 potuisse
1285 3536 1408 3618 quidem
1432 3535 1529 3598 aliter
1549 3555 1585 3596 e·

329 3641 436 3704 venire
471 3652 660 3724 compareat.
704 3644 786 3706 Illud
812 3662 886 3706 vero
909 3641 1046 3704 maxime
1070 3638 1266 3712 admirabile,
1289 3637 1381 3720 qnod,
1404 3655 1503 3718 quum
1518 3655 1584 3699 om-

329 3743 384 3804 nia
417 3743 508 3824 quasi
537 3745 632 3805 fixum
657 3747 809 3826 quendam
835 3755 867 3806 et
888 3742 1128 3824 praestabilitum
1150 3759 1270 3802 cursum
1294 3737 1462 3801 conficiant
1483 3756 1583 3819 neque

328 3844 409 3906 nllns
442 3843 555 3906 subitis
589 3845 714 3908 casibus
743 3856 775 3908 et
795 3845 967 3926 inopinatis
990 3845 1185 3925 relinquatur
1207 3841 1303 3916 locus,
1324 3848 1430 3902 tamen
1454 3838 1505 3902 vel
1525 3857 1584 3919 po-

224 3999 232 4014 .
328 3945 392 4007 tius
426 3946 465 4008 ob
499 3965 567 4007 eam
601 3965 726 4008 cansam
760 3947 863 4027 ipsam
898 3955 930 4008 et
955 3954 1095 4008 attentos
1118 3962 1174 4005 nos
1197 3949 1283 4004 tonet
1306 3948 1339 4004 et
1359 3958 1530 4022 suspensos
1552 3946 1585 4000 et

328 4045 482 4108 sollicitos
516 4066 613 4128 usqne
647 4049 687 4108 ad
714 4054 896 4110 extremum.
939 4047 1035 4129 Apud
1057 4047 1210 4111 Senecam
1232 4050 1341 4106 contra
1362 4039 1582 4104 concatenatio

329 4166 431 4210 rernm
453 4148 588 4212 solutior
610 4157 642 4210 et
663 4149 768 4212 laxior
790 4149 1029 4230 quodammodo,
1052 4148 1152 4210 multa
1172 4145 1224 4207 hic
1240 4145 1382 4216 fortuito,
1398 4143 1500 4204 multa
1514 4141 1583 4204 siue

329 4268 435 4322 cansa,
469 4250 570 4312 multa
601 4257 717 4330 praeter
749 4250 927 4331 opinionem
961 4258 994 4312 et
1025 4250 1116 4312 fidem
1141 4245 1300 4310 eveniunt.
1345 4246 1447 4308 Unum
1471 4251 1529 4320 est,
1550 4241 1585 4307 iu.

329 4369 390 4432 quo
423 4351 549 4414 Senecae
582 4351 736 4412 rationem
761 4350 908 4432 Euripidi
930 4358 1081 4432 praestare
1101 4351 1173 4431 jure
1195 4348 1331 4412 fortasse
1354 4344 1512 4427 quispiam
1534 4343 1584 4406 di-

327 4451 425 4527 xerit3
449 4453 532 4533 quod
554 4452 636 4534 apud
658 4453 740 4514 bunc
762 4453 877 4526 nullos,
899 4462 934 4515 ut
956 4453 1040 4532 apud
1062 4452 1160 4526 illum,
1182 4449 1222 4512 ad
1245 4449 1359 4512 nodum
1381 4445 1496 4510 fabulae
1519 4444 1584 4508 sol-

327 4553 465 4614 vendnm
488 4553 657 4616 intercedit
676 4555 760 4616 dene.
795 4553 888 4624 Quod
901 4554 1026 4635 quidem
1042 4553 1154 4616 vitium
1169 4551 1307 4633 effugere
1323 4549 1352 4612 ei
1369 4555 1439 4611 erat
1456 4565 1585 4629 promp-

327 4653 493 4730 tissimum,
516 4655 568 4742 qui
591 4655 708 4718 nullum
732 4657 818 4719 aliud
841 4656 963 4718 evitare
987 4654 1155 4720 curaverit
