3508 5404
535 534 575 591 De
597 533 628 592 u.
651 534 750 594 Annei
771 533 882 592 Seneca
904 530 1076 607 Tragoedus.

779 706 845 762 Non
865 706 932 762 sari
954 723 988 762 ac
1008 706 1101 762 truces

424 795 554 866 Regnent
574 793 700 863 tyranni.
744 791 773 846 Si
796 793 871 863 quod
892 793 1047 848 etiamnum
1069 794 1111 847 est
1132 791 1220 848 scelus

426 882 531 938 Latura
552 880 647 946 tellus,
670 884 802 951 properet
823 885 852 938 et
874 881 898 936 si
920 880 993 950 quod
1015 880 1097 948 paret

425 969 590 1034 Monstrum,
614 984 706 1022 meum
729 967 774 1021 sit.

984 1071 1011 1108 v.
1037 1007 1196 1108 940-43,

266 1211 343 1274 Hac
364 1217 512 1293 precatus
535 1208 641 1274 subite
663 1207 719 1272 illa
741 1206 901 1270 dementia
922 1207 1105 1290 corripitur:
1132 1227 1192 1290 quo
1216 1206 1342 1289 quidem
1364 1207 1445 1284 loco,

182 1310 211 1372 si
236 1312 318 1374 alias
342 1331 499 1393 umquam,
529 1311 606 1374 licet
627 1328 825 1390 cognoscere,
848 1318 1000 1390 quantum
1023 1309 1150 1372 intersit
1170 1309 1254 1372 inter
1277 1327 1345 1370 enm
1366 1327 1445 1390 poe-

181 1418 259 1487 tam,
282 1412 333 1494 qui
356 1420 502 1476 naturam
525 1412 755 1492 veritatemque
777 1417 938 1492 sequatur,
961 1417 994 1473 et
1015 1410 1115 1484 illurn,
1138 1409 1190 1492 qui
1212 1409 1246 1472 id
1267 1416 1388 1472 tantum
1408 1431 1445 1473 a·

181 1521 248 1596 gat,
280 1522 315 1576 ut
345 1533 430 1578 nova
463 1523 495 1577 et
526 1512 670 1576 inaudita
702 1513 857 1594 loquendo
891 1511 1053 1574 mirantem
1075 1518 1315 1593 stupentemque
1337 1518 1446 1575 teneat

181 1614 343 1678 lectorem.
386 1615 478 1679 Furit
499 1613 651 1678 Hercules
674 1613 771 1676 etiam
796 1613 878 1695 apud
902 1613 1103 1695 Euripidem3
1125 1631 1233 1674 verum
1255 1619 1443 1676 tamencum

181 1714 310 1778 ratione
333 1715 443 1798 aliqua
465 1716 557 1778 furit:
580 1714 663 1796 apud
686 1715 767 1778 hunc
794 1732 870 1776 vero
893 1714 1017 1788 insana,
1040 1721 1076 1776 ut
1097 1713 1143 1776 ita
1165 1713 1279 1788 dicam,
1301 1712 1373 1794 ipsa
1393 1713 1445 1777 in-

181 1816 276 1879 sania
310 1823 366 1880 est.
410 1816 481 1880 Illic
509 1835 601 1880 unam
626 1816 781 1898 quandam
804 1815 955 1879 Hercules
978 1821 1011 1877 et
1032 1823 1149 1878 certam
1172 1815 1372 1895 persequitur
1393 1815 1445 1878 vel

180 1917 351 2000 imaginem
373 1919 425 1980 vel
447 1918 686 1998 cogitationem,
708 1917 830 1999 qualem
855 1922 1100 1980 consentaneum
1123 1923 1171 1979 est
1183 1935 1223 1979 ex
1240 1915 1446 1980 acerbissima

180 2019 463 2101 vetustissimusque
496 2018 658 2081 simultate
691 2036 748 2099 per
780 2017 919 2080 subitam
953 2017 1066 2080 mentis
1094 2015 1364 2098 perturbationem
1389 2038 1445 2082 ex-

179 2119 311 2183 sistere:
345 2120 386 2182 ad
417 2119 539 2182 inimici
562 2121 685 2182 domum
710 2118 771 2180 sibi
794 2119 922 2180 videtur
944 2117 1116 2200 proficisci:
1139 2119 1200 2181 iter
1223 2119 1340 2181 faciens
1362 2139 1445 2184 nunc

182 2221 262 2296 edit,
293 2240 374 2284 nunc
408 2221 533 2296 dormit,
555 2240 640 2283 nunc
662 2221 751 2284 ludos
774 2218 933 2303 gymnicos
957 2219 1109 2282 celebrat:
1133 2239 1200 2301 quae
1222 2219 1292 2281 loca
1314 2239 1350 2283 eo
1372 2228 1445 2284 ten-

178 2321 281 2396 denti,
321 2340 382 2404 quo
417 2321 531 2396 tendit,
562 2322 781 2403 pretereunda
813 2328 896 2396 sunt,
929 2321 1086 2402 praeterit3
1115 2339 1211 2402 quum
1243 2339 1318 2383 vero
1341 2319 1446 2403 Argos

179 2423 339 2504 pervenit,
373 2423 520 2505 quamdiu
554 2423 586 2485 in
619 2441 747 2484 uxorem
770 2429 802 2484 et
824 2422 941 2485 liberos
963 2422 1065 2496 savit,
1087 2420 1209 2484 tamdiu
1231 2420 1263 2482 in
1285 2420 1444 2486 inimicam

180 2524 310 2586 domum
344 2523 456 2586 saevire
488 2523 550 2585 sibi
585 2522 719 2585 videtur.
763 2523 812 2585 Ac
833 2543 871 2585 ne
894 2522 972 2586 illud
995 2523 1121 2604 quidem
1145 2522 1362 2604 negligendum
1385 2534 1445 2601 est,

180 2625 278 2708 quod,
302 2624 564 2707 quemadmodum
588 2623 763 2704 Sophocles
788 2623 919 2702 Ajacem
954 2631 1085 2706 propter
1106 2624 1239 2705 pecudes
1263 2643 1361 2687 caesas
1388 2645 1445 2689 ex·

179 2726 352 2789 enitentem
374 2725 463 2801 iacit,
485 2725 531 2788 sic
553 2724 721 2790 Herculem
744 2745 803 2788 non
826 2733 953 2788 veretur
975 2725 1145 2806 Euripides
1171 2724 1319 2788 inducere
1341 2726 1445 2791 aliena

181 2829 325 2910 quaedam
350 2834 382 2889 et
403 2827 544 2889 absurda
566 2827 735 2890 facientem
759 2827 925 2908 ejusmodi,
948 2835 984 2889 ut
998 2827 1246 2901 circumstantes,
1261 2827 1444 2910 priusquam

180 2935 269 2991 totos
291 2928 404 2991 horror
425 2928 567 3003 invadat,
589 2928 645 2990 vix
667 2929 763 2990 risum
785 2928 910 3008 possint
930 2935 1053 2990 tenere:
1076 2948 1138 2990 non
1161 2939 1289 3002 temere,
1310 2938 1345 2991 ut
1366 2928 1444 2992 mihi

181 3029 309 3111 quidem
333 3029 476 3092 videtur:
499 3028 596 3092 habet
618 3030 700 3090 enirn
723 3028 803 3090 illud
826 3031 951 3102 malum,
975 3030 1056 3111 quod
1078 3048 1172 3092 unum
1196 3028 1333 3092 omnium
1357 3049 1445 3094 acer-

180 3130 347 3194 bissimum
381 3130 523 3192 humana
556 3130 699 3192 condicio
725 3128 859 3211 patitur,
881 3130 959 3193 nihil
982 3131 1127 3192 acerbius
1150 3130 1182 3192 in
1204 3150 1283 3205 sese,
1307 3130 1385 3193 nihil
1409 3152 1444 3194 a-

181 3230 311 3306 trocius,
345 3251 434 3312 quam
471 3232 553 3313 quod
586 3251 713 3295 summae
736 3231 882 3293 foeditati
906 3232 1081 3294 admixtam
1106 3231 1201 3292 etiam
1225 3231 1348 3294 ridiculi
1370 3253 1445 3313 spe-

182 3332 264 3395 ciem
298 3334 426 3414 praebet.
469 3333 566 3413 Apud
600 3333 680 3395 hunc
703 3340 812 3394 contra
835 3333 966 3395 confusa
989 3333 1102 3405 omnia,
1131 3333 1267 3405 turbata,
1290 3334 1444 3397 tumultu-

183 3433 287 3508 antia,
320 3433 433 3496 delirio
466 3433 642 3509 simillima3
664 3433 711 3496 ita
733 3440 852 3507 tamen,
876 3442 910 3495 ut
931 3432 1040 3496 sedulo
1063 3433 1226 3515 granditas
1251 3433 1388 3514 qnaedam
1414 3445 1446 3499 et

182 3535 322 3615 dignitas
345 3535 519 3597 effectetur.
562 3535 655 3597 Nunc
677 3533 874 3597 obscuratum
905 3534 1023 3596 coelum
1056 3534 1214 3615 solemque
1248 3534 1443 3600 deficientem

182 3635 288 3711 videt,
310 3656 389 3698 nunc
411 3636 498 3697 sidus
521 3635 639 3698 Leonis
662 3635 694 3698 in
717 3637 853 3698 Taurum
881 3635 1031 3716 impetum
1053 3635 1188 3712 faciens3
1210 3656 1291 3699 nunc
1312 3636 1388 3699 deos
1410 3637 1443 3700 in

182 3737 302 3800 coelum
334 3757 369 3799 se
403 3736 484 3799 ultro
515 3743 666 3800 vocantes
699 3736 800 3810 audit,
834 3755 917 3799 nunc
937 3737 1062 3800 Junone
1085 3737 1231 3800 obstante
1253 3739 1445 3802 contumacis

183 3839 290 3901 mundi
308 3838 438 3918 januam
462 3836 578 3900 trahit:
602 3857 675 3900 mox
698 3837 786 3900 furiae
808 3837 841 3899 in
864 3857 935 3899 eum
959 3845 1152 3919 consurgunt
1174 3839 1329 3920 sudesque
1353 3857 1369 3900 e
1392 3859 1444 3903 ro-

185 3938 234 4019 gis
267 3941 417 4020 abreptas
450 3938 482 4000 in
516 3956 550 4000 os
583 3939 648 4019 ejus
671 3938 845 4001 intentant:
879 3945 944 4001 tum
969 3939 1103 4001 alterum
1126 3958 1256 4020 puerum
1280 3947 1442 4022 tamquam

184 4039 275 4122 Lyci,
298 4041 429 4103 alterum
453 4047 614 4121 tamquam
635 4039 807 4122 Eurysthei
829 4039 938 4116 filiurn,
961 4041 1120 4122 Megaram
1144 4061 1218 4103 vero
1241 4060 1298 4123 pro
1320 4041 1443 4104 Junone

185 4140 340 4216 trucidat;
373 4141 489 4204 Jnnoni
520 4147 625 4203 tamen
658 4149 726 4202 tcto
750 4140 805 4203 illo
828 4160 920 4222 grege
943 4141 1055 4204 fecisse
1078 4161 1111 4203 se
1135 4140 1221 4205 dicit.
1263 4139 1317 4204 Ad
1339 4150 1445 4205 extre-

185 4261 267 4305 mum
300 4241 513 4324 Amphitryon
546 4242 732 4310 stimulante
756 4242 875 4317 dolore,
899 4243 1018 4306 frustra
1040 4243 1196 4306 retinente
1219 4241 1352 4318 Theseo,
1374 4262 1444 4306 cer-

184 4341 270 4406 vices
292 4343 358 4406 lilio
382 4344 511 4423 prabet,
533 4351 568 4406 ut
590 4351 622 4405 et
643 4344 711 4424 ipse
734 4343 928 4406 mortiferam
951 4343 1078 4425 plagam
1101 4343 1253 4425 accipiat3
1276 4362 1368 4426 quum
1389 4343 1443 4406 ille

184 4445 311 4506 tandem
335 4443 506 4526 aliquando
529 4463 642 4525 sopore
666 4462 835 4526 oppressus
858 4444 1041 4508 conticescit
1062 4452 1095 4507 et
1116 4445 1244 4508 corruit.

269 4563 413 4624 Excusso
445 4581 570 4644 sopore,
606 4561 644 4624 de
678 4569 784 4644 strage
807 4582 864 4643 per
885 4562 1041 4625 insaniam
1064 4563 1150 4624 facta
1173 4563 1283 4625 eadem
1303 4562 1367 4626 lere
1390 4582 1442 4626 ra-

186 4661 271 4725 tione
294 4669 389 4744 atque
412 4664 496 4744 apud
518 4662 702 4744 Euripidem
725 4683 744 4725 a
766 4671 898 4746 parente
921 4663 1038 4726 certior
1060 4665 1172 4737 factus,
1195 4663 1348 4726 moriendi
1365 4683 1442 4745 quo-

188 4783 246 4845 que
269 4762 416 4826 similiter
437 4763 589 4846 impetum
614 4764 713 4846 capit:
737 4764 799 4828 nisi
821 4765 902 4846 quod
925 4764 988 4838 hic,
1010 4763 1084 4826 licet
1105 4763 1177 4845 ipsa
1199 4763 1256 4825 illa
1270 4771 1442 4846 tempestas
