3508 5404
603 498 643 554 De
666 497 696 553 1..
720 496 819 556 Annei
840 497 950 556 Senccre
971 496 1143 572 Tragoediis.
1171 559 1173 564 ,

384 670 582 740 Quemcunque
603 668 705 744 fortem
726 667 829 725 videris
850 669 980 724 miserum
1001 687 1095 744 neges.
1140 671 1176 727 H.
1200 673 1230 728 1¹.
1256 663 1328 730 468.

249 760 332 825 Nihil
355 760 495 823 miserum
519 759 591 832 viro,
615 755 672 818 nisi
694 756 771 837 quod
794 755 906 839 aliquid
929 767 1016 838 putet
1038 758 1186 822 miserum.
1230 762 1288 843 Ep.
1311 760 1363 839 96,
1387 761 1414 824 l.

379 959 506 1030 ,Imperio
527 959 598 1013 dure
618 957 703 1013 tolle:
727 957 795 1030 quid
817 958 907 1014 virtus
929 960 1003 1016 crib?
1048 960 1084 1015 H.
1108 960 1139 1016 1⁴¹.
1164 963 1237 1018 437.

249 1049 334 1132 Ignis
356 1068 461 1112 eurum
483 1048 603 1129 probet,
626 1046 747 1108 miserie
769 1046 861 1109 fortes
884 1047 974 1110 viros.
1017 1049 1057 1115 D.
1082 1048 1160 1123 l,1i,
1185 1051 1233 1116 10.

826 1183 929 1194 ...ιιι-ο

384 1251 509 1306 Immune
529 1267 648 1320 regnum
670 1249 712 1304 est
734 1209 818 1318 posse·
834 1250 893 1304 sine
914 1207 1002 1322 regno
1024 1252 1095 1320 peti.
1139 1251 1212 1322 Thy.
1238 1252 1310 1308 470.

250 1343 316 1404 Hoc
338 1349 385 1402 ost
406 1357 528 1418 reguum
551 1336 630 1398 nolle
653 1355 776 1418 regnare
798 1356 863 1398 curu
887 1338 995 1417 possis.
1038 1339 1073 1400 B.
1095 1339 1153 1412 ΙΙΙ,
1176 1334 1227 1415 37,
1248 1339 1279 1404 4.

829 1473 930 1484 ια...-

384 1541 407 1596 0
430 1540 545 1596 fortune.
566 1539 634 1595 viris
655 1537 753 1593 invido
774 1536 892 1622 fortibus

384 1629 474 1696 Quem
495 1644 553 1682 non
574 1643 655 1697 seque.
676 1625 756 1680 bonis
778 1624 893 1694 proemia
916 1625 1026 1680 dividis.
1071 1625 1106 1682 H.
1131 1627 1161 1683 11¹.
1188 1628 1326 1687 528-9.

249 1719 276 1782 O
298 1717 373 1781 dure
394 1718 460 1778 fate
481 1723 512 1780 et
533 1714 621 1777 nullis
643 1733 728 1796 aeque
750 1713 928 1775 virtutibus!
972 1713 1011 1776 D.
1034 1713 1094 1787 XI,
1117 1717 1148 1790 3,
1171 1717 1199 1778 3.

830 1847 932 1864 μοι-.-

383 1917 509 1974 Fortuna
531 1934 597 1987 opes
618 1914 737 1980 auferre,
761 1932 817 1970 non
839 1914 965 1969 animum
986 1919 1089 1987 polest.
1134 1917 1208 1975 Meu.
1236 1920 1307 1977 176.

249 2006 285 2068 Iu
308 2025 405 2068 mores
428 2007 549 2068 fortune
569 2004 619 2084 jus
642 2023 701 2065 uon
725 2002 826 2064 hebet.
872 2003 929 2082 Ep.
953 2001 1002 2078 36,
1024 2003 1052 2066 6.

831 2139 930 2150 ..ιι-.-

383 2207 495 2273 Quolies
516 2222 626 2262 neccsse
649 2209 690 2262 est
713 2169 883 2260 1611616666
904 2204 967 2259 felli
988 2222 1006 2259 c
1028 2206 1083 2261 suis

383 2294 497 2350 Petiere
519 2294 612 2364 polius
634 2293 693 2363 ipse
716 2310 801 2364 quam
824 2291 911 2347 facias
933 2293 1030 2347 scelus.
1076 2293 1180 2348 Phocu.
1204 2293 1251 2349 Fr.
1278 2296 1414 2352 rer-2.

249 2380 391 2444 Miserius
414 2390 461 2444 est
483 2401 586 2443 nocere
611 2401 699 2464 quam
724 2381 803 2443 laedi.
846 2377 976 2460 Epw95,
998 2380 1049 2444 52.

830 2517 932 2529 nunu-

383 2599 512 2669 Quisquis
533 2600 660 2654 secundis
681 2599 764 2654 rebus
785 2597 909 2654 exsultet
929 2599 1031 2654 nimis¹
1111 2623 1115 2630 ·
1167 2597 1172 2616 '
1347 2653 1350 2660 ,

382 2688 514 2758 Fluitquc
536 2687 614 2752 luxu,
638 2703 745 2756 semper
767 2686 881 2742 insolite.
903 2687 1024 2756 appelit.
1069 2686 1144 2740 Phe.
1171 2683 1329 2743 tes-lo.

247 2770 309 2834 Ubi
342 2770 491 2838 luxuriem
527 2777 589 2838 lete
622 2775 749 2837 felicitas
783 2774 878 2847 ludit,
901 2775 999 2837 cultus
1022 2772 1149 2855 priruum
1173 2791 1328 2853 corporum
1352 2795 1418 2838 esse
1441 2777 1511 2841 dili-

248 2872 366 2952 gentior
397 2876 505 2957 incipit
538 2922 702 2940 ......
731 2895 797 2937 cum
821 2876 959 2938 adsuevit
981 2875 1098 2936 anisius
1120 2873 1260 2934 fastidire
1283 2895 1348 2957 quae
1370 2897 1408 2941 ex
1430 2899 1511 2943 moro

247 2985 372 3042 suntet
393 2978 453 3042 illis
474 2998 529 3060 pro
552 2977 681 3040 sordidis
703 2975 793 3039 solite
814 2984 894 3039 sunt.
918 3013 957 3022 -
980 2977 1036 3058 Ep.
1063 2975 1131 3048 114,
1154 2973 1267 3039 9·-10.

828 3113 930 3127 u-——t-

382 3197 431 3253 uss
453 3199 537 3254 miser
558 3213 639 3255 nemo
661 3196 715 3252 nisi
737 3198 924 3266 comparatus.
970 3195 1034 3251 Tro.
1061 3193 1153 3251 1033.

248 3284 362 3347 Nostra
397 3302 451 3346 nos
484 3287 548 3348 siue
582 3285 807 3364 comparatione
838 3283 996 3345 delectent.
1040 3282 1211 3366 Numquam
1234 3281 1292 3348 erit
1314 3285 1401 3360 felix,
1423 3307 1510 3371 quern

248 3383 401 3467 torquebit
424 3386 546 3450 felicior.
591 3386 630 3450 D.
654 3387 695 3460 V,
717 3387 767 3459 30,
789 3387 817 3446 3.

386 3587 480 3643 Scelus
503 3587 601 3660 alique
622 3589 726 3652 tutum,
750 3586 831 3641 nulle
852 3603 978 3642 securum
999 3585 1077 3641 tulii.
1122 3585 1197 3642 Pbre.
1224 3586 1294 3642 169.

249 3675 330 3737 Tute
351 3676 466 3738 scelere
487 3695 553 3737 esse
577 3675 714 3755 possunt,
737 3693 843 3736 securo
866 3693 925 3736 non
948 3683 1085 3754 possunt.
1129 3675 1187 3756 Ep.
1210 3669 1261 3749 97,
1287 3672 1333 3740 14.

247 3777 360 3839 Tutum
393 3777 493 3860 alique
526 3795 575 3838 res
606 3777 638 3838 in
672 3775 750 3838 male
782 3774 968 3838 conscientie
990 3785 1132 3856 prestat,
1156 3776 1238 3839 nulle
1260 3794 1409 3839 securum.
1452 3777 1511 3858 Ep.

250 3877 319 3954 105,
341 3877 372 3942 8.

829 3971 931 3984 μ

382 4079 452 4136 Pers
473 4080 605 4136 scultetis
628 4079 700 4136 velle
722 4080 817 4135 sonori
838 4080 902 4135 fuit.
946 4077 1023 4136 Phae.
1049 4080 1121 4135 254.

383 4167 471 4234 Quem
492 4169 619 4238 poenitet
640 4183 778 4238 peccasse,
802 4184 881 4237 paene
903 4169 946 4224 eet
967 4167 1107 4223 innocens.
1153 4166 1206 4238 Ag.
1231 4167 1303 4223 244.

247 4254 324 4319 Pers
347 4274 456 4337 mogus
479 4256 625 4318 bonitatis
648 4265 694 4317 est
716 4254 795 4316 velle
817 4254 881 4316 lieri
906 4254 1024 4318 bonum.
1067 4255 1125 4336 Ep.
1148 4255 1199 4328 34,
1220 4256 1249 4318 3.

826 4391 928 4403 m

382 4455 490 4512 Scelere
512 4454 664 4511 volendum
686 4459 728 4512 est
749 4457 850 4512 scelus.
894 4457 969 4512 Phae.
996 4457 1067 4512 729.

384 4543 437 4599 Per
459 4543 565 4600 scelere
588 4560 696 4614 semper
718 4544 867 4600 sceleribus
888 4545 983 4600 tutum
1005 4549 1048 4600 est
1069 4544 1133 4600 iter.
1177 4542 1231 4614 Ag.
1258 4543 1328 4600 116.

246 4627 370 4692 Scelere
390 4631 554 4695 sceleribus
576 4632 692 4693 tuende
715 4641 795 4694 sunt.
839 4631 886 4693 (ll.
908 4632 934 4705 1,
959 4632 1007 4707 13,
1030 4633 1059 4693 3.
