3508 5404
820 541 851 604 (l.
875 545 906 603 E.
930 543 1101 604 namnetas

564 718 674 775 Mecum
696 717 737 776 ite
758 737 875 777 mecum.
917 717 1041 775 Ducibus
1062 718 1107 776 irio
1127 717 1272 862 ulillggct.
1303 804 1343 862 83

1121 825 1148 864 v.
1239 807 1297 862 o-
1347 845 1355 863 .

404 927 466 991 Sed
488 925 524 990 de
547 926 658 1008 OEdipo
679 925 754 990 satis
776 921 888 990 dictum
911 945 976 990 esse
999 925 1138 992 arbitror.

407 1027 553 1092 Proxima
575 1048 611 1090 ea
634 1036 683 1091 est
705 1027 822 1102 fabula,
844 1047 909 1108 quae
931 1027 961 1091 in
984 1027 1134 1110 prioribus
1155 1027 1239 1094 libris
1260 1027 1394 1092 Thebais
1415 1036 1470 1092 aut
1484 1028 1591 1092 Phoe·

327 1131 417 1194 nissae
438 1129 675 1206 inscribebatur,
703 1130 734 1194 in
757 1148 809 1204 eo,
836 1148 921 1211 quem
945 1148 1000 1192 nos
1023 1147 1103 1194 nunc
1124 1130 1290 1214 sequimur,
1311 1129 1342 1193 in
1365 1131 1424 1193 duo
1445 1138 1491 1193 est
1510 1129 1592 1192 dua-

326 1252 391 1294 rum
425 1229 590 1294 fabularum
625 1233 796 1312 fragmenta
828 1230 941 1304 divisa,
977 1249 1100 1312 quornm
1142 1233 1267 1296 alterum
1301 1231 1423 1313 OEdipi,
1459 1230 1591 1295 alterurn

327 1333 560 1397 Phoenisserum
587 1331 768 1395 inscribitur.
811 1330 888 1403 Quen
916 1331 1035 1414 quidem
1064 1342 1230 1396 recreasse
1257 1341 1402 1413 separata
1424 1351 1509 1395 nemo
1531 1352 1589 1394 ne-

325 1434 426 1517 gabit,
455 1433 505 1515 qni
527 1431 702 1495 dissimilem
725 1451 828 1494 eornm
850 1439 881 1494 et
902 1433 1051 1495 diversam
1075 1442 1214 1496 naturam
1238 1433 1420 1514 cognoverit.

402 1537 482 1598 Nam
504 1533 608 1615 OEdipi
631 1534 750 1616 quidem
773 1534 930 1613 fragmenti
952 1541 1157 1614 argumentum
1184 1535 1352 1615 hujusmodi
1373 1543 1436 1608 est,
1464 1541 1497 1596 ιιι
1527 1535 1588 1596 (Ε-

323 1638 412 1718 dipus
439 1635 600 1698 inducatur
627 1644 754 1698 mortem
779 1634 838 1697 sibi
864 1634 929 1716 ipse
958 1635 1141 1698 consciscere
1162 1635 1294 1715 gestiens
1324 1635 1448 1718 ejusque
1470 1634 1586 1698 consilii

325 1757 435 1802 causas
457 1755 607 1817 exponens
624 1735 816 1818 miseriasque
830 1755 900 1798 suas
921 1754 1023 1798 omnes
1038 1744 1068 1797 et
1083 1735 1286 1818 imprudenter
1299 1737 1459 1800 commissa
1473 1735 1586 1817 flagitia

325 1843 512 1904 lamentans:
548 1844 654 1900 contra
682 1856 749 1900 enm
779 1837 818 1899 ad
846 1836 941 1900 vitam
968 1837 1174 1918 perferendam
1202 1837 1264 1900 fllia
1289 1838 1464 1902 cohortetur
1489 1837 1584 1900 Anti·

321 1960 411 2023 gone,
434 1938 518 2018 cujus
541 1937 653 2018 pietate
675 1947 706 2001 et
726 1937 871 2020 precibus
893 1937 990 2001 victus
1013 1935 1158 2000 moriendi
1182 1937 1336 2000 consilium
1359 1938 1399 2002 ad
1421 1945 1585 2001 extremum

323 2041 461 2122 abjiciam
491 2039 539 2102 oni
559 2037 765 2120 disputationi
794 2075 832 2085 --
863 2037 1026 2120 disputatio
1048 2037 1126 2101 enim
1150 2039 1243 2120 magis
1266 2038 1448 2120 appellanda
1469 2039 1585 2102 videtur

325 2162 416 2227 quam
438 2141 518 2205 actio
540 2175 579 2185 -
610 2141 709 2204 brevis
730 2140 779 2204 hic
801 2139 885 2203 locus
907 2139 1078 2222 subjicitur,
1106 2159 1194 2222 quum
1218 2139 1348 2222 OEdipus
1374 2161 1427 2222 per
1447 2141 1583 2205 nuntium

326 2244 501 2308 Thebanum
526 2249 644 2315 oratus,
667 2250 702 2304 ut
722 2261 848 2323 propere
870 2242 975 2303 redeat
996 2241 1118 2304 Thebas
1140 2240 1274 2324 filiosque
1297 2241 1407 2305 bellurn
1423 2241 1510 2305 civile
1530 2262 1584 2324 pa-

325 2345 390 2410 triae
412 2345 611 2425 importantes
633 2362 691 2405 sua
713 2343 895 2406 anctoritate
917 2342 956 2404 ad
979 2341 1167 2406 concordiam
1189 2343 1328 2418 reducat,
1350 2351 1381 2406 et
1403 2352 1494 2424 neget
1516 2363 1584 2406 con-

322 2445 507 2510 stantissime
545 2453 578 2506 et
614 2443 644 2506 ln
682 2444 759 2506 filios
786 2444 867 2506 diras
897 2461 997 2524 preces
1026 2443 1161 2506 effundit.
1214 2441 1291 2514 tluae
1321 2443 1367 2507 ita
1399 2452 1584 2520 tractantur,

328 2559 362 2612 ut
384 2547 584 2610 molestiorem
606 2545 821 2626 ineptiorenrve
843 2545 939 2608 locum
962 2563 999 2606 ne
1022 2545 1101 2626 apud
1124 2544 1270 2608 Senecam
1293 2545 1410 2628 quidem
1427 2545 1519 2610 ullum
1537 2565 1584 2609 re-

322 2649 428 2732 perias.
473 2647 559 2710 Furit
582 2646 724 2729 OEdipns,
753 2647 821 2708 dum
847 2646 884 2708 ad
908 2653 1033 2708 mortem
1063 2645 1203 2709 festinat:
1230 2645 1301 2709 furit
1322 2647 1492 2728 Antigone,
1516 2648 1584 2712 duur

322 2751 352 2814 in
382 2751 446 2814 rita
473 2747 602 2810 retinere
630 2767 697 2810 eum
724 2747 840 2810 studet:
873 2746 947 2809 nihil
977 2745 1099 2809 lrnrnani
1132 2747 1257 2810 effectus
1286 2747 1479 2828 exprimitur,
1513 2747 1583 2812 nilril

316 2837 384 2914 'non
418 2851 456 2914 ad
479 2848 651 2912 incredibile
673 2859 812 2936 augetur:
846 2859 909 2911 turn
931 2847 961 2910 in
984 2847 1155 2923 sententiis,
1183 2867 1249 2930 quaa
1271 2847 1341 2912 hinc
1363 2857 1394 2910 et
1414 2848 1497 2912 illinc
1518 2849 1584 2930 pln-

322 2953 406 3018 rimae
432 2958 623 3033 torquentur,
658 2949 764 3030 partinr
794 2949 909 3012 insania
932 2969 1064 3022 summa,
1097 2949 1205 3032 partim
1228 2968 1347 3013 summa
1367 2949 1534 3013 similitudo
1555 2959 1582 3013 et

325 3053 463 3116 satietas.
507 3051 586 3114 Nolo
608 3050 637 3112 in
660 3049 829 3132 hujusmodi
852 3071 882 3112 re
904 3049 1009 3131 longus
1032 3069 1110 3112 esse:
1141 3069 1252 3132 paucos
1275 3049 1364 3112 modo
1386 3070 1491 3114 versus
1513 3053 1583 3115 sub-

321 3155 443 3236 jiciam,
465 3165 498 3216 ut
522 3152 689 3234 legentibus
713 3153 785 3234 ipsis
806 3152 861 3215 fiat
878 3151 1034 3232 judicandi
1056 3161 1209 3232 potestas:
1238 3171 1313 3233 quas
1335 3172 1425 3233 quum
1449 3153 1582 3236 legerint,

324 3257 460 3338 prolecto
482 3274 541 3317 non
564 3253 663 3334 plures
686 3253 916 3317 desiderabunt:
1583 3253 1587 3268 '

455 3356 517 3412 OEld.
808 3354 880 3422 Quid
903 3353 995 3424 segnis
1016 3354 1101 3410 traho

566 3441 644 3508 Quod
666 3441 750 3498 vivo?
788 3442 906 3498 Nullum
928 3440 1019 3496 facere
1038 3441 1099 3512 jam
1120 3457 1230 3510 possum
1252 3441 1361 3498 scelus?

572 3527 695 3586 Possum.
740 3529 824 3585 Miser
846 3525 979 3599 praedico,
1003 3527 1113 3583 discede
1135 3527 1272 3596 epatre,

565 3615 680 3672 Discede
702 3618 796 3688 virgo:
820 3617 907 3673 timeo
928 3617 994 3684 port
1014 3617 1135 3670 matrem
1157 3613 1261 3671 omnia.

1117 3720 1145 3758 v.
1170 3701 1307 3758 47-50.

455 3821 518 3879 OEd.
808 3821 850 3876 'lir
870 3823 985 3878 tantum
1005 3820 1126 3890 impera:

563 3910 618 3968 Hic
640 3909 761 3980 Oedipus
782 3925 867 3982 regma
888 3907 1049 3966 transnabit
1071 3907 1145 3964 irata

564 3999 684 4059 iubente
705 3999 735 4053 te
757 3997 939 4066 flammaeque
960 4013 1030 4068 quae
1050 3994 1137 4052 uculo
1160 3995 1249 4055 vomit

564 4085 605 4140 Da
626 4087 722 4141 monte
743 4083 828 4140 tellus
850 4084 945 4155 igneos
968 4081 1083 4139 volvens
1105 4081 1216 4155 globos,

566 4172 694 4244 Excipiet
716 4188 763 4226 ore
785 4187 868 4240 seque
889 4171 1013 4240 serpenti
1034 4168 1132 4225 offeret

564 4260 629 4327 Quae
651 4275 725 4315 aava
746 4257 822 4314 furto
845 4257 965 4313 nemoris
987 4255 1123 4313 Herculeo
1145 4255 1228 4322 furit,

563 4347 684 4403 lubente
704 4349 734 4402 te
756 4343 893 4415 prebebit
914 4340 1030 4400 alitibus
1049 4336 1141 4415 jecur,

564 4434 684 4490 Jubente
705 4436 736 4490 te
757 4431 804 4488 vel
824 4431 911 4488 vivet.

1117 4533 1144 4572 v.
1170 4515 1328 4572 sla-19.

405 4639 550 4704 Eminant
571 4644 672 4702 tamen
695 4637 775 4715 haec,
803 4648 837 4702 nt
858 4635 889 4701 in
912 4635 1065 4720 pessimis,
1087 4656 1153 4719 quae
1176 4635 1249 4700 dicit
1270 4636 1442 4718 Antigone:

564 4740 633 4794 Pare
654 4757 763 4795 summa
783 4739 880 4812 magni
902 4739 993 4810 patris
1014 4755 1029 4794 e
1050 4753 1137 4810 regno
1160 4753 1222 4793 mea
1244 4738 1286 4792 eet

563 4825 649 4883 Pater
670 4825 738 4900 ipse.
782 4825 848 4885 Non
870 4827 945 4884 huno
967 4824 1075 4882 auferet
1095 4825 1183 4880 trater
1205 4821 1289 4890 mihi,
