3554 5406
338 499 377 557 80
830 499 860 556 (l.
884 501 915 556 u.
938 499 1110 558 Sandetrbm.

423 674 613 736 Perseverat
639 673 775 738 Phaedra
798 671 1010 746 nihilomiuus,
1031 674 1097 755 jam
1121 674 1289 750 conlidens,
1312 676 1395 758 quod
1418 673 1511 738 modo
1534 676 1595 738 do-

339 775 434 850 lebat,
457 793 624 856 numquam
647 774 821 838 rediturum
845 794 883 837 ex
905 774 1015 838 inferia
1038 776 1216 857 conjugem:
1238 777 1298 840 hac
1320 779 1392 860 ipsa
1413 795 1470 859 ape
1492 795 1512 840 a
1533 795 1595 840 un-

338 875 417 938 trice
440 882 566 938 extorta
588 875 684 938 aliam
709 876 806 938 multo
828 875 1051 958 improbiorem
1073 885 1195 959 captat:

579 991 698 1048 Veniam
719 992 768 1048 ille
790 992 878 1048 amori
900 992 1017 1048 forsitan
1038 997 1133 1050 nostro
1155 993 1243 1050 dabit.

1131 1099 1159 1137 v.
1184 1081 1257 1136 230.

338 1199 427 1264 Nihil
461 1220 562 1263 causae
595 1201 748 1282 intelligo,
782 1221 836 1264 cur
868 1201 1010 1265 Theseus
1042 1201 1143 1264 emori
1177 1201 1319 1284 conjugis
1352 1201 1509 1284 ignoscat:
1531 1199 1593 1265 nisi

338 1302 430 1376 forte,
463 1303 544 1383 quod
570 1303 708 1366 incestus
731 1310 789 1378 est,
811 1302 928 1365 idcirco
952 1303 1077 1365 veniam
1099 1303 1230 1366 habebit
1253 1301 1435 1367 faciliorem.
1478 1303 1595 1366 Incidit

337 1401 449 1465 deinde
472 1403 504 1465 in
527 1403 735 1486 Hippolytum
757 1423 874 1465 sermo:

578 1539 682 1593 Exosrrc
704 1554 786 1594 omne
808 1537 917 1593 leminae
938 1555 1039 1594 nomen
1061 1537 1144 1610 fugit,

578 1624 698 1680 Immitic
720 1642 808 1680 annon
830 1625 921 1680 caelibi
943 1626 1009 1682 vita
1031 1625 1117 1691 dicat,

579 1711 723 1767 Connubia
745 1711 832 1768 vitat:
856 1728 943 1783 genua
964 1711 1147 1768 Amazonium
1169 1712 1247 1768 aciae.

1129 1819 1156 1856 v.
1182 1799 1318 1856 235—7.

336 1919 426 1984 Nihil
448 1917 585 1984 Phaedra
607 1919 773 2004 Hippolyti
796 1921 827 1982 in
852 1921 985 1984 feminas
1009 1922 1081 1984 odio
1104 1928 1264 1984 movetur:
1282 1919 1370 1983 odit?
1392 1916 1505 2002 inquit,
1520 1935 1592 1997 pre-

337 2021 426 2084 cibus
459 2022 598 2098 flectam;
632 2022 717 2084 ferus
740 2021 809 2084 est?
832 2021 1006 2084 delenietur
1028 2042 1147 2085 amore:
1172 2021 1291 2103 fugiet?
1313 2039 1498 2102 persequar:
1522 2015 1592 2081 uni-

336 2142 460 2185 versum
494 2122 643 2185 muliebre
676 2141 770 2204 genua
794 2124 982 2186 aversatur?
1004 2124 1126 2206 pellicio
1148 2123 1245 2204 igitur
1268 2129 1353 2186 metu
1375 2120 1505 2185 carebo:
1528 2117 1593 2182 ruit

336 2242 475 2306 praeceps
499 2231 530 2286 et
552 2243 635 2286 caeca
657 2224 796 2286 libidine.
830 2225 874 2286 Et
895 2232 1047 2307 quantum
1070 2224 1185 2288 ineaaet
1206 2225 1238 2287 iu
1261 2244 1297 2288 ea
1318 2222 1459 2306 pudoris,
1482 2239 1594 2304 quam-

336 2344 430 2406 quem
458 2325 523 2405 jam
554 2332 649 2386 antea
681 2325 828 2400 vidimus,
865 2325 956 2388 addit
984 2326 1134 2389 hocloco
1157 2326 1314 2401 nonnulla,
1337 2324 1448 2407 quibua
1471 2322 1593 2385 medio-

337 2427 433 2488 criter
465 2434 559 2506 auget
591 2426 770 2507 opinionem
803 2427 863 2489 sui.
906 2426 1106 2490 Admonente
1140 2428 1223 2490 enim
1258 2427 1390 2501 nutrice,
1413 2422 1593 2488 meminerit

336 2527 449 2608 patria,
471 2527 634 2602 ’'metris’'‚
647 2527 760 2610 inquit,
773 2527 948 2590 ''memini’'.
972 2529 1018 2612 (v.
1031 2523 1116 2614 247).
1130 2527 1180 2592 Ita
1193 2547 1285 2610 quam
1298 2525 1516 2590 misericordia
1526 2524 1593 2607 pri·

337 2648 430 2703 mum,
463 2635 529 2690 turn
563 2627 685 2691 invidia
718 2637 886 2710 prosecuta
918 2635 976 2704 est,
1010 2649 1080 2692 eam
1110 2629 1309 2692 nuncetiam
1333 2627 1507 2710 exemplum
1531 2625 1593 2690 sibi

336 2729 495 2812 proponit.
538 2729 610 2793 Non
633 2737 740 2810 potest
762 2733 902 2810 profecto
925 2730 1071 2812 progredi
1094 2731 1226 2812 longina.

419 2831 471 2892 Ad
506 2838 677 2892 extremum
702 2851 797 2913 quum
822 2831 910 2894 videt
932 2851 993 2896 uon
1017 2833 1186 2914 defatigari
1209 2831 1371 2906 nutricem,
1394 2829 1468 2913 quin
1491 2829 1592 2892 furori

337 3033 470 3107 ratione,
504 3032 689 3096 morituram
716 3053 749 3094 se
773 3053 851 3108 esse,
874 3055 913 3095 ue
935 3035 1089 3115 pudicitia
1111 3034 1258 3108 violetur,
1281 3033 1456 3096 denuntiat.
1500 3029 1590 3095 Nihil

337 3134 516 3215 excogitare
549 3133 654 3214 potuit
687 3134 843 3209 callidius,
877 3133 966 3210 nihil,
1000 3155 1059 3217 quo
1082 3135 1197 3198 certius
1224 3142 1390 3216 caperetur
1411 3133 1590 3199 Stoicorum

335 3236 502 3317 praeceptis
535 3234 654 3297 imbuta
676 3235 802 3298 femina.
847 3234 924 3306 Quae
946 3244 981 3300 ut
1001 3237 1138 3317 primum
1162 3237 1349 3300 voluntaria
1373 3236 1482 3300 mortis
1505 3236 1591 3298 iacta

338 3337 454 3400 mentio
478 3344 535 3410 eat,
557 3337 668 3399 statim
691 3355 810 3418 pavore
833 3338 923 3400 simul
945 3346 978 3400 et
999 3338 1207 3400 admiratione
1231 3344 1339 3419 capta:

577 3471 721 3528 Moderare
743 3473 858 3528 alumna
879 3473 980 3529 mentis
1002 3473 1113 3529 effrenae
1133 3471 1263 3542 impetus,

577 3559 692 3614 Animos
714 3576 818 3616 coerce.
862 3561 984 3631 Dignam
1006 3561 1041 3616 ob
1062 3561 1115 3615 hoc
1137 3559 1198 3615 vita
1219 3577 1289 3625 reor,

577 3645 655 3713 Quod
676 3662 733 3702 ease
754 3651 841 3704 temet
863 3648 991 3703 autuman
1012 3648 1128 3720 dignam
1148 3663 1225 3702 nece.

1126 3751 1154 3789 v.
1179 3733 1316 3790 260-2.

336 3856 440 3929 Quum
473 3874 548 3917 vero
583 3854 649 3930 illa,
683 3855 772 3938 quasi
800 3855 880 3917 nihil
903 3854 1071 3930 audiverit,
1094 3855 1135 3917 ad
1157 3873 1254 3936 genua
1278 3853 1389 3918 mortis
1413 3849 1589 3934 eligendum

336 3958 468 4032 accedit,
501 3956 661 4019 continere
694 3975 728 4020 se
755 3957 890 4037 amplius
913 3977 973 4020 non
995 3963 1102 4037 potest
1124 3955 1338 4039 conceditque,
1360 3954 1389 4018 si
1410 3961 1476 4017 tam
1499 3951 1589 4035 gravi

335 4060 441 4123 lurore
480 4065 633 4132 teneatur,
672 4057 932 4120 contemnendam
966 4058 1081 4120 fernam
1115 4057 1222 4139 potius
1255 4077 1323 4120 esse
1356 4075 1448 4138 quam
1480 4054 1588 4117 vitam.

336 4159 536 4242 Quamquam
570 4159 619 4221 vel
643 4178 734 4240 quum
759 4159 898 4240 receptui
921 4158 1018 4234 canit,
1041 4137 1134 4222 decbc
1156 4157 1312 4240 quoddam
1336 4157 1588 4238 gravitatemque

334 4267 512 4324 conservat.
556 4260 700 4324 Occurrit
733 4259 814 4322 euim
849 4259 945 4335 illico,
979 4279 1040 4341 qua
1073 4259 1113 4322 ad
1137 4260 1348 4323 excusandam
1370 4257 1590 4330 concultatur,

334 4363 508 4426 sententia:

574 4460 726 4518 contemne
747 4461 861 4518 fernam.
907 4461 993 4516 Fama
1015 4462 1062 4516 vix
1084 4479 1150 4518 vero
1167 4461 1248 4520 cavet

575 4549 657 4621 Pejua
679 4549 797 4606 merenti
818 4551 917 4606 melior
938 4551 967 4604 et
990 4549 1068 4621 pejor
1089 4549 1171 4605 bono.

1126 4653 1154 4692 v.
1178 4637 1278 4692 2‘14-
1287 4636 1315 4690 5.

335 4721 507 4788 Pollicetur
530 4723 642 4787 deinde
661 4724 810 4808 juvenem
833 4721 1025 4786 sollicitandi
1048 4723 1154 4805 gratia
1174 4723 1343 4787 adituram.
