3508 5404
317 520 358 582 84
803 517 832 576 (l.
855 517 887 576 Ε.
910 515 1082 576 Soudetrdm.

399 689 571 776 Numquid
597 689 764 754 timendum
793 687 850 766 sit,
871 697 903 752 et
930 690 1025 754 cuivis
1052 691 1155 754 vidore
1182 689 1438 773 pmrnptlssinnum
1467 699 1520 754 cst
1552 698 1586 754 et

317 795 415 879 ipsum
436 793 602 873 intelligere
623 799 730 872 postea
750 790 826 854 satis
848 799 952 872 aperte
974 791 1157 856 declaratur.
1199 793 1248 856 Ne
1269 790 1344 856 illud
1366 792 1484 874 quidam
1501 811 1584 876 qoo-

320 897 407 960 modo
429 895 562 968 dicatur,
582 891 729 974 intelligo:

425 1011 509 1067 Tant.
731 1007 821 1076 dmm
842 1011 939 1066 tamen
960 1008 1086 1066 fraudem
1107 1009 1209 1066 times?

424 1098 497 1169 Thy.
563 1095 689 1152 Omneun
733 1095 839 1152 'limori
860 1113 943 1166 quem
964 1113 1026 1153 meo
1047 1099 1171 1153 statuam
1193 1095 1327 1153 modum?

560 1182 798 1253 Tantum‘potest
820 1186 958 1254 quantum
980 1184 1048 1240 odit.

425 1269 509 1326 Tant.
1067 1269 1101 1326 In
1122 1272 1151 1326 m
1173 1268 1241 1340 quid
1262 1271 1377 1341 potest?

1111 1374 1138 1412 v.
1163 1357 1324 1414 tau-84.

401 1478 469 1540 Non
492 1475 572 1540 enim
593 1475 695 1550 video,
724 1494 778 1537 cur
799 1494 857 1538 non
880 1474 980 1538 omnia
1002 1473 1115 1540 Atreus
1136 1475 1167 1539 in
1190 1477 1343 1561 Thyesten
1367 1479 1479 1560 possit,
1505 1499 1577 1562 qnae

319 1577 438 1642 omnino
460 1577 598 1640 inimicus
620 1583 720 1658 potest
741 1576 771 1638 in
794 1576 957 1641 inimicum.

401 1697 471 1760 Jam
494 1687 606 1760 Atreus
629 1691 760 1764 accedit:
783 1695 842 1776 qui,
864 1706 898 1760 ut
912 1695 1039 1780 primum
1055 1695 1179 1758 fratrem
1194 1695 1325 1776 aspexit,
1345 1698 1458 1762 tacitus
1473 1719 1578 1762 secum

319 1797 385 1878 ipse
406 1797 484 1860 felici
505 1796 573 1860 dolo
595 1801 764 1876 parataque
786 1799 909 1862 tandem
932 1795 1046 1860 ultione
1068 1795 1218 1860 exsultat:
1241 1803 1303 1859 tum
1325 1797 1423 1878 ipsum
1443 1799 1578 1862 blandis-

319 1897 402 1960 simis
423 1897 522 1961 verbis
543 1896 734 1978 aggreditur3
758 1896 797 1959 ad
819 1918 885 1980 quae
906 1898 1055 1981 Thyestes
1077 1896 1120 1960 ita
1142 1897 1316 1980 respondet:

560 2014 672 2072 Diluere
693 2031 802 2090 possem
825 2018 928 2072 cuncta
948 2015 1003 2070 nisi
1023 2014 1090 2072 talis
1111 2013 1191 2071 fores.

560 2099 614 2156 Sed
635 2102 725 2162 fateor
747 2103 836 2158 Atrau
857 2102 949 2158 fateor
971 2102 1072 2160 admisi
1094 2101 1188 2158 omnia

560 2187 626 2256 Qua
648 2189 800 2248 credidisti.
844 2187 995 2246 Pessimum
1017 2205 1129 2246 samam
1150 2203 1242 2244 meam

562 2275 704 2334 Hodierna
724 2278 816 2350 piatas
837 2275 913 2333 lacit.
958 2277 1009 2332 Est
1030 2292 1143 2346 prorsus
1164 2291 1266 2332 nocens

562 2362 724 2434 Quicunque
746 2363 820 2421 visus
840 2365 902 2420 tam
923 2363 996 2420 bono
1017 2363 1100 2420 fratri
1121 2364 1163 2418 est
1185 2378 1296 2418 nocens.

561 2449 695 2506 Lacrimis
717 2451 857 2524 agendum
878 2453 933 2506 est:
957 2451 1113 2522 supplicem
1134 2450 1241 2521 primus
1263 2448 1351 2504 vidos.

561 2537 611 2592 Ha
632 2539 662 2594 te
684 2539 835 2610 precantur
857 2537 974 2608 pedibus
995 2537 1110 2594 intacta
1132 2553 1243 2592 manus:

560 2623 684 2680 Ponatur
707 2625 796 2680 omnis
817 2627 861 2682 ira
881 2629 911 2682 et
933 2641 967 2679 ex
989 2625 1082 2680 animo
1103 2627 1197 2680 tumor

536 2741 538 2749 =
562 2710 662 2766 Erasus
684 2714 773 2768 omnis
795 2713 888 2768 abeat.
933 2709 1047 2768 Obsides
1068 2710 1133 2767 fidei
1155 2709 1251 2780 accipe

561 2797 618 2853 Hos
639 2800 800 2856 innocentes
820 2799 917 2856 frater.

1118 2902 1146 2941 v.
1171 2881 1351 2940 sla-521.

403 2999 499 3074 Quom
527 3003 690 3067 allevatum
718 3004 832 3068 Atreus
859 3005 1033 3087 amplexus,
1064 3005 1141 3070 lilios
1163 3023 1280 3088 quoque
1310 3001 1376 3084 ejus
1400 2999 1573 3094 adoloscen-

319 3110 383 3178 tes,
405 3122 529 3185 quomm
551 3106 662 3168 caedem
684 3127 775 3190 quum
797 3107 928 3170 maxime
949 3107 1121 3182 meditatur,
1142 3104 1334 3169 exosculatur
1356 3101 1570 3166 amantissime.

319 3203 397 3266 Tum
426 3205 512 3268 tratri
533 3206 616 3287 regni
637 3207 819 3270 consortium
842 3209 953 3282 defert,
974 3208 1051 3292 quod
1074 3209 1124 3271 ille
1145 3207 1335 3270 vehementer
1354 3202 1450 3286 primo
1473 3221 1575 3284 asper-

324 3313 414 3368 natus
447 3326 506 3370 uon
529 3317 620 3371 autea
641 3309 766 3392 accipit,
794 3328 881 3391 quam
904 3307 1018 3373 Atreus
1041 3328 1078 3372 ne
1100 3329 1132 3372 se
1155 3308 1274 3392 quidem
1297 3305 1354 3368 nisi
1375 3303 1489 3368 socium
1511 3303 1573 3386 ejus

322 3414 515 3489 regnaturum
536 3428 602 3472 esse
624 3411 792 3474 confirmat

405 3525 452 3588 De
474 3525 663 3602 narratione,
691 3547 758 3610 quae
780 3527 920 3608 deinceps
942 3535 1006 3602 est,
1034 3524 1166 3589 breviter
1187 3523 1258 3588 licet
1279 3524 1387 3587 dicero.
1429 3523 1574 3587 Novimus

322 3622 352 3686 in
374 3623 432 3688 hoc
452 3645 557 3708 genere
580 3627 742 3704 Senecam,
763 3628 813 3710 qui
835 3649 893 3712 quo
914 3629 963 3692 hic
984 3627 1105 3691 liberius
1127 3627 1308 3700 exsultaret,
1330 3624 1486 3689 materiam
1503 3645 1575 3688 nuc

322 3733 372 3790 tus
394 3734 441 3790 est
461 3727 705 3810 benignissimam
727 3737 816 3812 atqua
838 3731 976 3794 omnibus
997 3729 1034 3792 iis
1056 3729 1144 3792 rebus
1165 3727 1386 3801 abundantem,
1409 3725 1575 3808 exquibus

322 3825 511 3891 Senecanam
537 3829 754 3912 supellectilem
782 3831 1016 3914 descriptionum
1043 3837 1182 3893 constare
1211 3828 1271 3907 jam
1299 3827 1412 3910 pridem
1435 3826 1577 3908 cognovi·

322 3945 399 3992 mus.
441 3928 577 3994 Primum
599 3949 698 3996 arcem
721 3929 936 4013 Pelopidarum
963 3931 1074 4005 habet,
1103 3949 1191 4012 quam
1214 3928 1369 4010 depingat:
1402 3927 1508 3990 deinde
1530 3927 1575 3990 ln-

322 4047 389 4094 cum
412 4047 549 4112 opacum,
571 4031 755 4108 horribilem,
776 4033 916 4114 religione
936 4031 1156 4115 plenissimum:
1179 4040 1243 4093 tum
1258 4029 1345 4094 Atroi
1356 4028 1454 4110 gladio
1469 4046 1576 4112 pueros

322 4132 595 4196 transverberantis
626 4133 848 4197 immanitatem
881 4141 912 4196 et
943 4133 1098 4198 ferociam:
1131 4142 1196 4196 tum
1230 4130 1347 4196 illorum
1379 4129 1412 4193 in
1440 4129 1576 4194 obeunda

322 4239 418 4296 morte
440 4234 659 4310 constantiam
690 4235 729 4299 ad
751 4243 917 4300 extremum
939 4253 1098 4316 corporum
1120 4232 1331 4296 lacerationem
1353 4240 1385 4294 et
1405 4230 1478 4294 dira
1499 4229 1576 4293 illius

322 4351 422 4398 coenae
443 4335 707 4415 praparationem:
729 4334 780 4418 qui
803 4335 921 4420 quidem
944 4337 1042 4411 locus,
1063 4353 1151 4417 quem
1173 4333 1272 4417 quivis
1293 4332 1370 4396 alins
1386 4332 1577 4394 vehementer

323 4434 546 4510 reformidaret,
571 4436 641 4501 huic
663 4435 802 4500 nimirum
825 4437 939 4501 arridet
960 4435 1006 4499 vel
1028 4435 1168 4499 maxime.
1210 4435 1280 4497 Non
1301 4442 1403 4498 tamon
1425 4433 1575 4498 dimittam

322 4533 467 4616 legentes,
503 4536 573 4618 quin
599 4538 689 4619 hujus
717 4557 832 4621 quoque
853 4536 1063 4620 descriptionis
1084 4544 1240 4620 tamquam
1262 4542 1382 4618 gustum
1416 4533 1574 4618 accipiant:

428 4651 509 4710 chor.
564 4656 623 4724 Quo
641 4653 753 4728 iuvenis
774 4654 883 4722 animo,
906 4671 961 4724 quo
981 4652 1050 4709 tulit
1071 4653 1154 4708 vultu
1174 4654 1290 4710 necem?

428 4739 518 4800 runt.
563 4743 649 4801 Stetit
669 4742 713 4798 sui
733 4758 845 4798 securus
866 4743 895 4798 et
917 4758 974 4798 non
996 4742 1038 4797 cst
1060 4756 1155 4810 precos
