3508 5404
548 529 589 588 De
611 530 642 589 h.
665 531 764 589 hunni
786 531 896 589 &neca
917 529 1087 604 Tragoediis.

395 701 513 760 Dehisce
533 703 619 760 tellus
639 705 728 775 tuque
749 703 930 761 innumerum
951 705 1052 776 potens

393 791 427 846 In
448 790 570 848 Tentura
590 792 649 848 ima
669 793 762 848 rector
783 792 947 848 umbrarum
967 807 1036 862 repe

394 879 481 934 Retro
502 894 627 936 reversas
649 877 759 952 generis
780 895 814 934 ac
836 879 932 950 stirpis
954 877 1036 936 nicer.

395 963 544 1038 Gongerite
566 965 641 1022 cives
663 965 783 1021 sarain
805 965 951 1022 infandum
973 968 1073 1037 caput,

393 1052 518 1108 Mactata
539 1051 614 1109 telis.
659 1053 705 1108 Mc
727 1054 809 1123 petat
832 1051 904 1109 ferro
926 1069 1027 1124 parens

396 1139 442 1194 hle
464 1139 581 1210 gnatus,
604 1141 634 1195 iu
656 1157 700 1196 me
723 1139 855 1212 conjuges
876 1142 985 1196 arment
1007 1155 1106 1194 manus

397 1225 564 1296 hatresque
586 1231 615 1283 et
637 1243 711 1299 aeger
732 1226 852 1297 populus
874 1230 984 1298 ereptor
1004 1226 1080 1298 rogis

393 1312 540 1370 iaculetur
561 1313 649 1384 ignes.

982 1418 1009 1456 v.
1035 1398 1215 1456 ssa-896.

193 1525 226 1581 et
246 1519 316 1596 ille,
343 1523 467 1602 quibus,
495 1530 530 1586 ut
551 1520 653 1586 oculos
674 1520 732 1584 sibi
754 1520 881 1595 eruerit,
911 1531 1069 1596 narratur,
1099 1521 1169 1584 licet
1191 1519 1315 1584 multum
1338 1529 1371 1582 et
1393 1521 1458 1582 ioe-

191 1620 300 1683 ditatis
333 1622 525 1687 habeantet
552 1623 693 1695 insruriae,
727 1633 826 1685 tumen
858 1623 959 1686 nescio
986 1643 1025 1685 un
1054 1621 1180 1704 grandia
1206 1622 1316 1703 purtim
1340 1620 1458 1702 possint

194 1721 314 1798 vocari3
335 1732 371 1787 ut
392 1725 455 1790 hac
476 1733 626 1788 extrema:

659 1823 777 1880 Attollit
799 1827 886 1894 caput

438 1910 574 1982 Cavimus
598 1911 720 1967 lustrans
741 1911 855 1967 orbibus
876 1910 948 1966 coeli
968 1910 1069 1982 plagas

439 1998 559 2054 Noctem
581 1998 734 2070 experitur.
778 1998 917 2068 Quicquid
938 1996 1041 2054 effossis
1062 1997 1136 2054 male

437 2085 582 2156 Dependet
604 2084 705 2151 oculis,
727 2086 834 2156 rumpit
856 2088 885 2141 et
909 2084 998 2140 molor
1019 2085 1085 2139 deos

402 2159 404 2164 ยน
439 2171 604 2228 Conclamat
627 2189 735 2228 omnes:
761 2172 889 2242 ''parcite
910 2171 965 2226 heu
987 2171 1088 2241 patrias
1109 2187 1221 2242 precor:

437 2259 502 2314 Jam
521 2259 599 2330 justa
620 2257 688 2325 feci,
712 2259 820 2315 debitas
842 2275 946 2329 poenas
967 2257 1030 2313 buli.

438 2346 559 2402 Inventa
580 2345 713 2402 thalamis
735 2345 822 2418 digna
843 2363 898 2402 nox
919 2345 1035 2402 taudem
1048 2335 1133 2400 'moia
1174 2430 1190 2485 8

991 2451 1019 2488 v.
1044 2432 1169 2488 992-9
1195 2471 1202 2487 .

279 2571 347 2635 Hoc
381 2581 482 2634 sutem
516 2571 615 2634 differt
648 2571 823 2655 Sophoclea
857 2571 967 2634 iabulae
989 2569 1087 2633 exitus
1116 2570 1156 2633 ab
1178 2587 1228 2643 eo,
1262 2587 1349 2650 quern
1370 2569 1459 2634 fluxit

195 2671 328 2749 Seneca,
362 2673 439 2754 quod
469 2673 548 2753 apud
576 2672 658 2735 illurn
682 2693 747 2736 cum
772 2673 876 2753 OEdipi
905 2671 962 2734 isto
986 2672 1116 2734 facinore
1139 2670 1296 2750 conjuncte
1319 2681 1460 2734 narratur

196 2772 287 2836 etiarn
330 2775 457 2838 Iocasta
490 2773 650 2836 interitus:
694 2773 811 2856 reliqua
847 2772 1113 2835 lamentationibus
1155 2773 1284 2853 OEdipus
1318 2773 1460 2854 complet:

196 2885 305 2936 contra
327 2875 446 2940 Seneca
468 2894 528 2937 non
553 2875 668 2936 narrari
692 2876 764 2938 lacit
787 2876 878 2938 istam
902 2893 1022 2948 necem,
1045 2873 1098 2936 sed
1121 2872 1346 2955 repraesentari,
1370 2883 1460 2956 atque

196 2975 288 3038 etiam
312 2995 378 3038 curn
401 2975 513 3056 OEdipo
536 2977 694 3051 Iocasten,
727 2976 901 3059 priusquam
925 2985 1049 3038 mortem
1072 2975 1129 3037 sibi
1145 2973 1322 3050 consciscit,
1343 2974 1460 3038 inducit

195 3075 424 3159 colloquentem.
478 3075 664 3139 Foedissinre
704 3087 848 3141 nouatum
889 3075 954 3159 quis
987 3075 1095 3156 neget?
1147 3075 1214 3138 Hoc
1246 3095 1317 3140 vero
1349 3076 1458 3139 summi

196 3177 343 3260 stuporis:

438 3277 494 3334 Ioc.
517 3278 583 3334 Fati
605 3277 661 3335 isla
683 3278 768 3350 culpa
790 3280 841 3335 esi.
888 3279 977 3335 Nemo
999 3279 1031 3334 fit
1054 3275 1113 3333 fato
1135 3295 1246 3335 nocens.

992 3385 1019 3421 v.
1046 3365 1138 3420 1041.

281 3483 362 3556 Quid
385 3485 448 3549 hac
470 3486 528 3550 sibi
550 3487 643 3550 verba
665 3487 792 3550 volunt?
812 3497 867 3550 aut
888 3504 946 3569 quo
968 3495 1058 3568 pacto
1080 3485 1111 3548 in
1134 3494 1196 3548 tarn
1219 3484 1347 3548 alienum
1369 3485 1457 3548 incu-

197 3595 353 3650 currerunt
374 3587 493 3650 locum?
533 3588 681 3652 Moriturn
703 3596 751 3650 est
772 3589 905 3662 Iocaste,
933 3596 967 3650 ut
988 3607 1114 3668 poenam
1137 3605 1191 3669 pro
1213 3586 1323 3650 scelere
1344 3587 1458 3650 solvat:

197 3707 340 3750 excusare
363 3697 464 3750 tamen
493 3687 551 3750 hoo
573 3688 670 3770 ipsunt
693 3689 789 3752 scelus
811 3687 989 3753 conabitur?
1031 3689 1112 3750 Num
1135 3687 1247 3750 oblitus
1270 3697 1317 3750 est
1338 3689 1458 3754 Seneca

197 3788 379 3870 Sophoclem
402 3808 435 3852 sc
458 3789 543 3872 sequi
565 3798 596 3852 et
617 3789 791 3854 morituram
815 3789 895 3854 hanc
917 3809 982 3852 esse
1003 3790 1159 3864 Iocasten,
1181 3789 1327 3871 cogitavit
1340 3790 1377 3853 de
1392 3789 1459 3862 ille,

197 3907 263 3971 quae
288 3901 336 3954 est
364 3889 444 3972 apud
472 3890 661 3970 Euripidem,
694 3910 759 3973 qua
788 3900 856 3974 post
883 3891 1003 3954 detecta
1031 3891 1137 3954 domus
1163 3890 1279 3972 flagitia
1300 3890 1460 3956 consolans

197 3991 294 4054 virum
316 3990 484 4055 inducitur?
525 3989 685 4076 Utcunque
705 4011 738 4054 se
760 4011 807 4054 res
829 3991 934 4067 habet,
964 3992 1037 4054 bene
1060 3991 1205 4073 OEdipus:

439 4091 505 4149 Jam
525 4107 610 4163 parce
632 4093 725 4149 verbis
746 4095 837 4150 mater
858 4095 888 4148 et
909 4109 994 4164 parco
1015 4093 1128 4148 auribus

991 4197 1019 4235 v.
1046 4179 1138 4235 1042.

281 4299 433 4363 Interimit
453 4319 487 4362 se
507 4300 630 4363 taudem
653 4301 774 4362 Iocaste
797 4299 920 4382 abitque
942 4299 972 4362 in
995 4299 1117 4362 exilium
1139 4299 1287 4380 OEdipns:
1316 4317 1373 4381 quo
1392 4297 1457 4361 loco

198 4408 334 4464 extrema
362 4400 546 4464 mitescentis
567 4399 642 4464 coeli
664 4401 823 4483 populique
844 4401 1085 4466 convalescentis
1110 4400 1254 4464 inseritur
1275 4398 1457 4482 descriptio:

198 4502 250 4564 ubi
271 4503 348 4564 satis
369 4501 502 4584 graviter
522 4502 587 4564 haec
608 4501 648 4564 ab
670 4501 783 4582 OEdipc
806 4502 959 4566 dicuntur:

440 4602 586 4660 Mortilera
606 4618 714 4658 mecum
736 4601 809 4658 vitis
829 4605 968 4660 terrarum
989 4601 1117 4660 extraho.

440 4689 574 4746 Violentus
595 4688 656 4744 lata
677 4691 707 4744 et
727 4689 856 4744 horridus
878 4690 968 4744 morbi
989 4692 1093 4744 tremor

439 4775 597 4848 Maciesque
619 4778 648 4832 et
671 4778 734 4832 atra
756 4776 842 4848 pestis
864 4779 893 4832 ct
914 4775 1027 4832 rabidus
1049 4775 1128 4831 dolor
