3554 5406
560 505 599 560 De
622 505 652 560 L.
676 505 774 562 Anuoei
795 503 905 564 Senecae
926 507 1096 581 Tragoediio.

450 673 547 730 Finem
568 675 615 732 hie
636 675 725 732 dolori
746 675 831 734 faciet
852 680 903 736 aut
925 679 991 738 vitre
1011 681 1079 738 dies.

448 761 578 820 Miserere
599 763 730 820 ementis.

1000 870 1027 906 v.
1052 855 1210 912 ees-79.

208 973 287 1034 Tum
316 970 438 1034 demum
460 969 514 1034 ille
543 970 625 1034 omni
651 990 756 1035 errore
778 970 931 1045 discusso,
954 971 1028 1054 quid
1050 974 1102 1038 hic
1124 979 1252 1042 taudem
1273 980 1320 1044 rei
1342 981 1464 1056 egetur,

208 1071 366 1154 intelligit.
410 1069 511 1142 Quam
548 1073 673 1154 quidem
707 1073 808 1136 locum
843 1073 985 1154 graviter
1015 1094 1091 1138 saue
1114 1084 1146 1140 ct
1167 1079 1347 1163 eloquenter
1367 1091 1465 1167 poeta

207 1176 376 1240 tractauit:

800 1274 904 1346 Magne
924 1278 1058 1348 regnator
1078 1279 1161 1336 doum

448 1359 519 1414 Tem
541 1359 634 1414 lentus
655 1360 734 1414 audis
755 1361 869 1427 scelera,
892 1362 954 1418 tam
975 1363 1068 1420 lentus
1089 1367 1185 1425 vides?

449 1446 600 1516 Ecquando
621 1464 695 1502 saeva
717 1447 823 1503 tulmen
844 1450 955 1505 emittes
977 1467 1072 1518 manu,

448 1532 477 1587 Si
498 1550 572 1588 nune
594 1551 721 1590 serenum
742 1535 803 1592 est?

1003 1642 1031 1680 v.
1055 1623 1213 1684 ele-82.

206 1775 278 1840 Nisi
301 1773 471 1858 qoodilla‚
493 1793 559 1856 qua
581 1773 688 1856 paullo
711 1773 795 1837 iufra
816 1783 900 1852 suut,
923 1797 1015 1858 quum
1038 1799 1072 1844 se
1093 1800 1215 1865 quoque
1236 1796 1365 1854 accusat
1379 1791 1464 1876 Hip·

206 1877 336 1961 polytus
369 1897 406 1940 uc
432 1894 467 1938 se
494 1893 615 1957 quoque
639 1875 768 1940 fulmine
791 1879 922 1941 cremari
946 1888 1087 1962 exoptat,
1111 1884 1193 1965 qnod
1216 1889 1311 1952 matri
1332 1892 1375 1955 ad
1396 1900 1464 1958 stu-

206 1997 297 2060 prum
330 1975 496 2059 placuerit,
517 1976 701 2043 arcessitam
724 1977 824 2058 mogis
847 1998 940 2061 quam
964 2001 1071 2044 vorem
1093 1985 1223 2065 pudoris
1245 1992 1383 2072 speciem
1403 1994 1464 2059 ha·

205 2080 280 2144 bere
313 2079 514 2142 videbuntur.
556 2077 716 2142 Praeclara
738 2077 795 2141 illa
818 2099 942 2163 quoquc
965 2083 1116 2160 Phaedrae,
1139 2106 1208 2168 quae
1230 2101 1410 2173 sequuntur,
1432 2105 1464 2161 et

205 2179 312 2244 nescio
345 2200 386 2243 au
418 2179 487 2242 sola
509 2199 549 2242 ex
571 2179 713 2242 omuibus
735 2178 785 2253 iis,
807 2200 873 2263 ques
896 2201 953 2264 per
974 2189 1073 2248 totam
1095 2191 1294 2270 tragoediam
1315 2195 1462 2278 loquitur,

205 2282 283 2346 satis
305 2298 446 2366 persouae
469 2280 655 2365 dignitatem
678 2281 857 2346 servantia:

446 2415 482 2471 ec
504 2416 566 2485 ipsa
588 2417 690 2472 nostroe
712 2415 774 2472 iata
796 2433 934 2489 cognosco
957 2417 1067 2477 domus:

358 2535 362 2544 -
446 2502 591 2574 Fugienda
612 2503 733 2572 potimus
754 2504 802 2558 sed
823 2505 881 2560 mei
902 2523 959 2562 non
982 2525 1043 2562 sum
1064 2511 1173 2579 potens.

998 2613 1026 2650 v.
1051 2597 1187 2655 eoo—7.

204 2749 359 2812 Extrema
391 2765 465 2808 vero
498 2744 589 2826 hujus
622 2742 683 2807 loci
715 2751 826 2808 notatu
859 2747 1058 2829 dignissima:
1082 2771 1148 2834 quae
1170 2754 1221 2817 vel
1244 2756 1283 2819 ob
1305 2757 1338 2821 id
1360 2759 1462 2842 ipsum

204 2849 255 2912 vel
278 2849 361 2932 quod
382 2867 451 2910 mea
473 2847 655 2910 narratione
678 2845 758 2910 nihil
781 2848 822 2911 ad
844 2849 1236 2934 brevitatemproficietur,
1249 2857 1373 2942 integra
1387 2865 1462 2926 sub-

200 2970 350 3035 Jecumus:

370 3085 422 3140 Ph.
445 3084 551 3138 Iterum
572 3081 689 3153 superbe
711 3083 828 3154 genibus
850 3083 985 3141 advolvor
1006 3087 1072 3143 tuis.

337 3173 422 3246 Hipp.
446 3171 548 3226 Procul
569 3169 723 3239 impudicos
744 3187 860 3241 corpore
883 3190 900 3227 c
921 3175 998 3228 casto
1020 3191 1119 3230 amove

443 3258 556 3313 Tactus.
601 3255 677 3324 Quid
698 3257 751 3312 hoc
772 3257 834 3314 est?
877 3259 971 3313 Etiam
992 3261 1023 3315 in
1044 3262 1190 3334 amplexus
1209 3267 1286 3324 ruit‘l

444 3345 606 3416 stringatur
627 3343 712 3398 ensis:
736 3343 838 3400 merita
859 3345 998 3416 supplicia
1020 3349 1125 3420 exigat.

444 3433 487 3487 En
508 3431 681 3502 impudicum
703 3431 778 3486 crine
801 3435 929 3489 contorto
951 3437 1037 3503 caput

445 3519 528 3575 Lava
549 3518 657 3574 reflexi:
678 3518 781 3590 justior
802 3537 957 3590 numquam
979 3519 1048 3576 locis

445 3608 534 3662 Datus
555 3606 612 3662 luis
632 3608 675 3661 est
696 3605 808 3678 sanguis
830 3606 1009 3678 arquitenens
1031 3607 1092 3664 dea.

370 3694 422 3752 Ph.
445 3694 601 3764 Hippolyte
623 3710 697 3747 nune
718 3709 763 3748 me
785 3696 943 3764 compotem
967 3695 1027 3751 voti
1050 3694 1132 3750 facis:

445 3781 533 3836 Sanos
554 3779 705 3836 furentem:
729 3779 819 3851 majus
840 3781 894 3836 hoc
916 3784 983 3838 voto
1005 3799 1067 3838 meo
1089 3785 1132 3838 est

444 3868 527 3924 Salvo
549 3870 582 3923 ut
603 3865 709 3937 pudore
729 3866 859 3922 manibus
879 3867 1023 3924 immoriar
1044 3869 1110 3927 cuis.

335 3955 422 4027 Hipp.
445 3954 578 4012 Abscede.
622 3954 706 4010 Vive:
730 3970 766 4010 ne
789 3953 856 4024 quid
877 3971 971 4011 exores
993 3958 1023 4011 et
1043 3957 1090 4012 hic

444 4043 595 4100 Gonteotus
617 4041 689 4096 ensis
711 4041 820 4096 deserat
842 4045 950 4098 costum
971 4042 1056 4098 latus.

444 4130 510 4198 Quis
531 4129 607 4186 eluet
628 4143 672 4184 me
695 4127 817 4184 Tanais?
860 4129 918 4185 Aut
941 4147 1003 4199 quoa
1023 4130 1152 4187 barbaris

442 4218 550 4275 Maeotis
572 4213 654 4270 undis
674 4216 789 4286 pontico
810 4216 973 4272 incumbens
994 4217 1086 4274 mari?

443 4305 509 4362 Non
530 4306 589 4376 ipse
611 4305 672 4359 toto
694 4321 814 4374 magnus
835 4320 938 4360 oceano
960 4307 1042 4374 pater

444 4393 567 4449 Tantum
588 4390 710 4460 expiarit
731 4391 851 4448 sceleris.
896 4392 920 4448 Ο
941 4392 1028 4456 silvas,
1051 4409 1069 4446 o
1090 4390 1216 4534 {ersa²26

996 4479 1149 4534 v.71-
1221 4520 1228 4534 .

286 4624 426 4691 Grandis
461 4637 495 4693 et
526 4635 655 4692 ornatus
687 4629 739 4694 hic
759 4630 846 4694 locus
868 4639 909 4708 ot,
930 4632 959 4695 si
980 4631 1061 4696 ullus
1084 4632 1164 4696 alius
1187 4632 1270 4716 apud
1293 4631 1458 4708 Senecam,

204 4725 297 4790 laudo
318 4726 531 4810 dignissimus.
567 4729 668 4796 Nollae
689 4730 741 4796 hic
763 4731 922 4796 arcessito
945 4734 1087 4816 argutis,
1110 4732 1197 4798 nulla
1217 4733 1327 4816 inepta
1347 4734 1458 4820 loqua-
