3554 5406
316 506 354 564 12
805 499 835 558 0.
859 503 891 560 E.
914 501 1086 560 Sundstrtlm.

398 674 549 740 Observat
581 672 679 736 acrius
711 671 861 736 mulierem
893 673 1014 738 timenti
1045 673 1139 756 mapa
1160 694 1250 758 quam
1272 674 1409 740 maranti
1430 674 1573 753 similem,

315 779 472 860 oculosque
493 775 524 838 in
546 774 718 838 miserrima
739 775 844 838 matris
865 775 949 838 vultu
970 776 1083 839 defixos
1103 784 1221 840 tenens:

556 893 634 949 Alios
655 893 786 963 parentes
808 891 923 963 adloqui
944 893 975 948 in
995 893 1076 951 luctu
1097 894 1186 960 dccet,

557 979 622 1036 'libi
642 979 843 1052 gratulandum
864 982 906 1036 est
927 981 1029 1037 misera
1050 981 1124 1052 quod
1145 982 1233 1054 gnato
1255 998 1333 1036 cares

558 1065 648 1133 Quem
668 1084 742 1122 mors
763 1066 897 1122 manebat
918 1085 992 1124 sara
1013 1068 1188 1140 praecipitem
1209 1068 1308 1123 datum

557 1153 580 1210 E
602 1156 679 1210 turre
700 1153 786 1224 lapsis
807 1154 869 1210 sola
889 1172 951 1224 quae
973 1155 1059 1210 muris
1080 1159 1184 1211 manet.

400 1361 567 1426 Pallescere
590 1361 628 1424 ad
650 1361 889 1425 honorantium
911 1370 942 1425 et
953 1362 1074 1425 horrore
1085 1362 1234 1444 perfundi,
1245 1361 1296 1426 ubi
1308 1383 1376 1427 vero
1389 1365 1498 1428 milites
1510 1385 1575 1428 oru-

319 1465 369 1527 nia
401 1463 582 1545 perscrutari
613 1461 708 1543 jubet,
729 1463 881 1544 trepidare
904 1463 994 1537 stiam
1017 1471 1048 1525 et
1070 1473 1240 1544 respectare
1262 1484 1327 1527 eam
1350 1465 1574 1529 animadvertit.

318 1564 436 1637 Quibus
459 1562 546 1626 rebus
568 1563 747 1626 confirmata
767 1563 937 1646 suspicione
959 1572 1126 1628 extremum
1148 1564 1204 1628 hoc
1226 1565 1367 1628 admovet
1383 1575 1575 1640 tormentum,

319 1675 354 1730 ut
376 1664 557 1728 ementistur
588 1665 787 1726 vaticinatum
816 1685 882 1727 esso
915 1665 1122 1739 Calchantem,
1144 1665 1200 1728 nisi
1223 1667 1306 1748 pueri
1332 1677 1427 1730 morte
1450 1668 1578 1730 lustrata

318 1767 491 1832 Graecorum
525 1765 631 1828 classis
663 1774 753 1840 esset,
785 1784 877 1828 unum
899 1785 963 1828 esse
986 1766 1148 1847 piaculum,
1170 1775 1204 1830 ut
1225 1776 1416 1848 promeretur
1436 1767 1575 1831 Hectoris

318 1857 461 1961 tumulus:
484 1874 515 1931 et
539 1865 614 1930 cinis
636 1866 700 1948 ejus
723 1867 862 1929 fluctibus
884 1876 1085 1948 spargeretur.
1127 1867 1179 1931 Fit
1201 1867 1367 1931 miserrima
1390 1869 1575 1944 deliberatio,

318 1979 418 2033 utrum
452 1968 552 2032 mariti
582 1967 771 2049 sepulchrum
793 1967 847 2031 filii
870 1987 952 2044 nece,
974 1989 1013 2031 an
1035 1967 1126 2049 hujus
1147 1968 1242 2032 vitam
1264 1969 1344 2032 illius
1366 1970 1475 2034 mortui
1496 1970 1576 2052 inju-

319 2071 366 2135 ria
386 2079 500 2136 servet:

560 2168 632 2236 Quid
653 2168 781 2240 agimus?
824 2168 958 2224 Animum
978 2169 1111 2227 distrahit
1133 2171 1260 2242 geminus
1280 2173 1377 2230 timor:

559 2257 628 2312 Pars
648 2259 715 2311 utra
737 2255 850 2313 vincet?
894 2255 991 2313 Testor
1012 2256 1135 2313 immites
1156 2258 1220 2315 deos

560 2344 686 2412 Deosque
707 2359 787 2399 veros
808 2342 934 2414 conjugis
954 2361 1050 2398 manes
1071 2345 1138 2399 mei:

560 2431 627 2486 Non
649 2429 727 2484 aliud
747 2429 853 2486 Hector
873 2431 904 2484 in
925 2446 987 2486 meo
1008 2433 1097 2503 gnato
1111 2430 1182 2486 mihi

562 2517 652 2584 Quam
672 2519 702 2572 te
723 2517 845 2587 placere.

1115 2605 1273 2661 ott-56.

404 2726 509 2790 Vincit
531 2726 570 2791 ad
593 2732 758 2789 extremum
781 2723 914 2806 conjugis
935 2724 1078 2789 honorem
1103 2725 1156 2789 filii
1178 2727 1278 2790 salus:

563 2825 682 2896 Utrique
704 2826 784 2896 parci
802 2843 859 2881 nou
880 2829 986 2897 potest:
1011 2827 1146 2898 quidnam
1167 2827 1255 2883 facis?

562 2913 649 2970 Serva
670 2929 686 2968 e
708 2913 815 2970 duobus
837 2913 929 2970 anime
952 2930 1035 2984 quem
1056 2915 1148 2970 Danai
1169 2915 1280 2971 timent.

1117 3002 1275 3057 ato-71.

403 3123 465 3188 Ubi
498 3143 567 3186 vero
589 3122 699 3187 milites
720 3121 867 3186 tumulum
890 3131 1063 3217 promeptes
1085 3133 1117 3187 et
1137 3143 1196 3186 non
1219 3122 1366 3187 ostentari
1383 3122 1448 3203 jam
1469 3121 1577 3195 minas,

321 3226 373 3287 sed
405 3225 506 3308 peragi
528 3224 620 3299 videt,
641 3232 706 3288 tum
728 3242 800 3286 vero
823 3223 957 3286 alienata
978 3233 1087 3299 mente,
1109 3227 1229 3288 deorum
1252 3233 1343 3308 atque
1365 3223 1518 3287 hominnm
1540 3222 1577 3283 li-

321 3327 389 3389 dem
412 3321 585 3411 implorans,
607 3325 796 3407 sepulchrum
819 3324 932 3387 intrare
954 3326 1133 3389 conantibus
1155 3325 1258 3408 objicit
1278 3319 1399 3408 pectus:

562 3428 608 3482 Me
629 3444 674 3483 me
695 3425 811 3482 sternito
832 3425 879 3481 hio
901 3425 973 3482 ferro
995 3426 1083 3497 prius.

562 3514 707 3585 Repellor;
730 3514 785 3568 heu
806 3529 859 3568 me.
904 3513 1014 3583 Rumpe
1034 3513 1157 3570 latorum
1178 3529 1279 3579 moras,

562 3601 660 3657 Molire
681 3604 771 3657 terras
791 3599 906 3666 Hector,
929 3601 961 3656 ut
983 3599 1085 3658 Ulixen
1099 3601 1202 3658 domes.

561 3687 616 3744 Vol
636 3687 736 3743 umbra
757 3687 826 3743 satis
847 3705 885 3744 es.
929 3687 1017 3743 Arma
1039 3689 1177 3746 concussit
1198 3704 1293 3743 mauu.
1337 3727 1338 3732 κ

562 3775 710 3831 Jaoulatur
731 3775 818 3846 ignes.

1108 3859 1275 3925 ,osa-93.

406 3983 469 4048 Sed
489 3983 590 4048 subito
612 3982 776 4046 concidunt
796 3983 899 4058 animi,
927 3982 979 4047 uhi
1000 3981 1139 4046 venitin
1162 3989 1291 4045 mentem
1313 3979 1343 4044 iu
1365 3999 1399 4043 eo
1421 3978 1579 4061 sepulchro

321 4085 415 4149 filium
439 4085 574 4148 abditum
597 4105 673 4160 esse,
695 4104 790 4167 neque
811 4084 885 4147 illud
906 4084 984 4147 dirui
1005 4091 1153 4165 poseant
1173 4102 1233 4147 non
1254 4081 1304 4147 hic
1325 4081 1429 4146 eodem
1447 4091 1580 4162 tempore

323 4186 491 4250 collidatur.
533 4188 593 4262 Ita,
626 4205 694 4269 ques
726 4206 785 4250 uua
812 4194 950 4267 superest
970 4184 1021 4248 via
1042 4184 1159 4260 salutis,
1181 4187 1219 4249 ad
1241 4203 1344 4267 preces
1366 4183 1523 4248 descendit
1545 4189 1578 4244 st

323 4287 451 4372 supplex
472 4288 512 4353 ad
533 4289 626 4372 pedes
647 4287 731 4352 Ulixi
753 4307 785 4350 se
805 4285 939 4369 projicit:

564 4389 610 4444 Sic
631 4391 661 4445 to
681 4388 787 4445 revisat
809 4387 936 4460 conjugis
958 4389 1062 4443 saneta
1083 4389 1161 4442 torus

562 4477 721 4546 Annosquo,
744 4476 811 4532 dum
832 4477 862 4531 te
882 4474 993 4544 recipit,
1016 4474 1151 4530 extendat
1165 4491 1227 4530 suos

563 4563 674 4620 Laerta.
719 4562 764 4619 Sic
784 4565 814 4620 te
832 4561 943 4635 juvenis
963 4562 1087 4632 excipiat
1108 4563 1174 4617 tuus

565 4651 602 4708 Et
624 4653 692 4707 vota
713 4649 826 4708 vinosus
848 4651 942 4706 vostra
962 4649 1038 4706 felici
1059 4648 1153 4704 indole

564 4739 661 4798 muts
682 4755 767 4796 arum
785 4737 968 4796 transcendat
988 4737 1102 4811 ingenio
1123 4737 1244 4807 patrem.
