3554 5406
549 491 590 552 De
612 493 642 552 b.
666 493 766 552 Annaei
787 491 897 552 Senecae
918 493 1089 570 'l'ragoediia

790 666 935 724 Ouanota
955 666 979 722 si
1001 667 1109 724 eoelum
1131 665 1232 725 ineolis

437 753 554 812 Justitia
574 772 678 812 numen
700 755 799 812 invoco
821 771 855 810 eo
876 755 964 812 testor
985 756 1075 819 buum,

438 838 526 897 Gnati
547 843 659 912 patrem
681 842 781 899 vicero.

990 944 1018 982 v.
1043 923 1202 982 434-44.

279 1047 394 1112 Medea
427 1056 546 1123 matra,
579 1048 617 1110 de
646 1046 761 1110 misera
782 1045 870 1110 exilii
892 1046 1077 1110 condicione
1100 1047 1212 1111 acerbe
1235 1047 1456 1132 inuidioseque

194 1155 378 1231 conquesta,
409 1149 537 1230 adjecta
570 1147 752 1211 vehementi
785 1149 1007 1212 beneficiorum
1040 1144 1166 1212 suorum
1200 1148 1457 1232 exprobratione,

194 1256 339 1312 extrema
361 1249 503 1314 oratioue
526 1249 622 1312 etiarn
645 1249 686 1311 ad
707 1269 815 1331 preces
837 1248 1015 1314 descendit:

440 1385 493 1440 Per
514 1401 579 1455 spes
598 1387 712 1440 tuorum
734 1383 855 1440 liberum
877 1387 1037 1440 etcertum
1059 1383 1157 1448 larem,

436 1471 489 1528 Per
512 1472 589 1528 victa
610 1473 745 1536 monstra,
768 1487 819 1540 per
840 1489 939 1528 manue
961 1487 1012 1542 pro
1034 1472 1064 1527 te
1086 1470 1187 1540 quibus

435 1559 599 1629 Numquam
620 1558 733 1630 peperci
754 1574 859 1628 perque
881 1557 1037 1629 praeteritos
1058 1559 1158 1626 metue,

436 1645 489 1700 Per
512 1647 620 1702 eoelum
641 1647 670 1700 et
692 1645 781 1700 undas
802 1647 916 1718 conjugi
936 1647 1022 1702 testes
1043 1644 1099 1699 mei

435 1733 574 1788 Miserere.
619 1731 714 1786 Redde
735 1731 857 1801 supplici
879 1733 947 1788 felix
969 1729 1107 1874 vicem.81
1158 1818 1174 1873 8

996 1819 1065 1873 v.4
1115 1849 1149 1858 -
1180 1821 1208 1874 5.

190 1939 253 2001 Illo
275 1957 351 2002 vero
373 1938 516 2002 timorem
538 1958 647 2022 regum
672 1945 837 2004 mussare:

789 2057 838 2112 Est
860 2059 889 2112 et
910 2055 958 2110 hio
979 2056 1070 2128 maj0r
1092 2060 1196 2114 metus:

435 2141 543 2198 Medea.
588 2141 646 2199 Nos
673 2141 799 2216 conflige.
844 2141 986 2199 Certemus
1007 2144 1076 2210 sine,

436 2229 480 2285 stt
501 2230 624 2300 pretinm
646 2229 737 2286 Ianum

988 2333 1016 2371 v.
1042 2316 1202 2373 519-21.

191 2474 354 2536 Hortatur
385 2469 510 2546 deinde,
542 2477 577 2534 nt
604 2491 708 2534 secum
733 2490 795 2533 uua
817 2469 977 2551 aufugiat:
1000 2489 1062 2552 qua
1083 2491 1139 2553 spe
1162 2470 1285 2554 dejecta
1307 2473 1354 2538 ita
1376 2465 1455 2543 iram

192 2572 347 2656 erumpit:

433 2671 517 2728 Nunc
538 2689 644 2728 summe
665 2674 727 2729 toto
749 2673 879 2744 Juppiter
901 2657 978 2729 coelo
999 2676 1077 2738 tona,

435 2759 551 2816 intende
573 2760 711 2816 dextram.
755 2759 886 2815 Vindices
908 2760 1033 2815 flammae
1055 2777 1126 2830 para

436 2847 607 2918 Omnemque
629 2845 721 2920 ruptis
742 2845 863 2901 nubibus
885 2848 1020 2902 mundum
1042 2850 1137 2917 quate.

435 2935 496 2990 Neo
517 2935 648 3006 diligenti
669 2934 729 2990 tela
751 2933 891 2990 librentur
912 2951 999 2990 mauu

434 3022 488 3078 Vel
509 3039 553 3078 me
575 3021 620 3078 vel
642 3021 740 3077 istum:
764 3021 889 3091 quisquis
910 3037 926 3076 e
947 3021 1027 3078 nobis
1048 3021 1140 3087 cadet,

435 3109 545 3164 Nocens
566 3108 680 3179 peribit,
704 3125 760 3164 non
782 3111 876 3180 potest
898 3108 928 3164 in
949 3126 999 3166 nos
1020 3111 1102 3164 tuum

435 3197 535 3252 Errare
557 3195 672 3251 fulmen.

988 3300 1015 3337 v.
1041 3281 1199 3336 534-40.

192 3403 266 3467 Jam
289 3411 323 3466 ut
345 3403 438 3470 liberi
460 3403 522 3468 sibi
545 3405 674 3468 comites
697 3404 776 3486 fuga
799 3404 1021 3477 concedantur,
1044 3411 1185 3484 precata,
1208 3424 1301 3485 quum
1318 3405 1372 3469 ille
1389 3407 1456 3471 vita

192 3523 226 3568 se
249 3505 357 3588 potius
380 3525 473 3590 quam
496 3504 536 3568 iis
559 3526 665 3569 carere
688 3525 781 3590 posse
803 3505 980 3588 respondit,
1002 3503 1111 3566 statim
1136 3525 1238 3569 secum
1261 3503 1348 3588 ipsa:

205 3613 207 3620 '
787 3605 832 3660 Sic
854 3609 956 3676 gnatos
979 3607 1066 3671 amat,

434 3694 509 3749 Bene
531 3696 586 3749 est:
609 3695 731 3761 tenetur,
756 3693 865 3748 vulneri
887 3693 982 3762 patuit
1005 3691 1090 3747 locus.

988 3797 1015 3834 r.
1041 3779 1177 3834 552—3.

193 3895 332 3962 Simulat
352 3907 472 3975 temen,
494 3897 570 3962 item
593 3907 629 3962 ut
650 3900 732 3982 apud
755 3897 952 3984 Euripidem,
974 3899 1134 3982 placatam
1157 3917 1191 3962 ae
1207 3918 1292 3964 esse:
1309 3901 1364 3965 ubi
1379 3923 1454 3966 vero

194 3999 277 4062 abiit
296 4001 408 4065 Iason:

435 4101 574 4158 Discessit.
619 4099 701 4156 Itane
722 4100 785 4156 esti
829 4101 916 4156 Vadis
938 4099 1041 4157 oblitus
1063 4101 1118 4156 mei

434 4189 470 4245 let
491 4191 538 4246 tot
558 4203 685 4244 meorum
706 4187 881 4245 facinorum?
925 4187 1085 4243 Excidimuu
1106 4186 1180 4244 tibi?

434 4275 596 4346 Numquam
617 4275 783 4365 ejoidemus.

194 4443 245 4508 Ita
266 4446 308 4510 ad
330 4446 542 4514 ulciscendum
565 4447 750 4531 accingitur.
986 4380 1013 4418 v·
1039 4361 1099 4417 563
1147 4362 1197 4418 65.

274 4615 347 4678 Nou
380 4615 528 4701 displicet
549 4615 601 4680 hic
622 4617 708 4680 locus
729 4615 874 4694 Kleiuie;
897 4617 946 4682 cui
969 4625 1002 4682 et
1022 4617 1143 4683 Seneca
1164 4617 1339 4682 laudandus
1362 4618 1453 4682 vide-

194 4718 254 4792 tur,
286 4717 370 4798 quod
395 4716 427 4781 in
448 4717 573 4784 Iasonia
594 4737 731 4802 persona
752 4719 952 4782 honestatem
975 4719 1227 4806 dignitatemque
1249 4721 1454 4795 conservarit,
