3508 5404
326 497 365 550 90
817 490 847 547 G.
871 491 903 546 ll.
925 490 1097 548 Sandstrlim.

323 665 438 731 Credas
467 666 531 746 jam
563 661 732 746 perculsum
765 662 915 726 bominem
948 683 1011 726 esse
1043 672 1133 746 atque
1166 671 1364 744 prostratum:
1397 665 1486 728 immo
1508 672 1587 728 tuuc

323 769 438 850 ipsum,
459 766 639 847 simulatque
660 765 770 846 regina
789 765 876 845 jussu
898 771 928 828 et
950 774 1075 828 mortem
1097 773 1128 828 et
1149 765 1286 827 exsilium
1309 765 1372 846 pati
1395 785 1427 828 re
1442 775 1585 848 paratum

324 889 388 932 esse
421 869 565 941 ostendit,
597 866 702 928 iterum
735 866 787 929 illa
814 867 999 929 convertitur
1025 866 1108 948 eique
1136 875 1199 929 tam
1222 866 1312 928 lacile
1332 868 1428 942 cedit,
1460 876 1494 931 ut
1515 876 1587 929 tota

325 970 388 1033 baec
410 971 449 1031 ab
472 989 509 1030 ea
529 967 661 1030 terrendi
690 967 897 1031 tantummodo
929 967 1114 1050 ignavissimi
1145 967 1275 1029 hominis
1306 986 1400 1031 causa
1431 977 1588 1031 commota

325 1071 476 1134 eontentio
498 1070 645 1131 videatur.

405 1172 475 1235 Janr
498 1171 671 1252 Eurybates
694 1169 817 1232 advenit
839 1169 958 1251 etipse
981 1168 1218 1250 Agamemnonis
1240 1189 1352 1251 praeco:
1385 1170 1434 1252 qul
1464 1179 1587 1252 tempe·-

323 1281 451 1346 statem,
473 1291 530 1355 qua
552 1271 658 1334 classis
681 1279 748 1333 erat
771 1270 907 1346 adflicta,
930 1273 960 1333 in
984 1289 1077 1354 euque
1099 1268 1205 1351 Ajaois
1220 1269 1299 1334 Oilei
1313 1271 1463 1352 pereuntis
1479 1289 1586 1334 necem

321 1374 475 1437 describit.
519 1373 717 1455 Nequaquam
750 1393 788 1435 ex
820 1374 900 1435 omni
932 1372 1052 1454 quidem
1086 1381 1174 1453 parta
1207 1374 1427 1436 contemnenda
1449 1372 1513 1434 huc
1537 1381 1587 1440 est

323 1475 456 1541 narratio
480 1491 574 1556 neque
596 1473 753 1554 ejusmodi,
775 1493 863 1555 quam
886 1475 974 1556 plane
994 1474 1026 1536 in
1049 1475 1165 1546 eodem,
1187 1491 1245 1554 quo
1267 1474 1383 1554 priores
1404 1466 1589 1554 descriptioss

323 1597 394 1651 nes,
425 1595 530 1657 genere
556 1594 662 1656 pones.
705 1575 803 1638 Multo
825 1577 902 1637 enirn
926 1575 1023 1637 minus
1045 1573 1074 1636 in
1096 1573 1221 1654 singulis
1243 1573 1332 1636 rebus
1355 1584 1490 1638 moratur
1510 1593 1585 1656 pro·

322 1679 512 1760 graditurque
534 1685 565 1739 at
588 1676 710 1739 celerius
733 1685 765 1739 et
786 1677 977 1760 aequabilius:
1010 1674 1094 1755 cnjus
1124 1695 1188 1756 quae
1209 1675 1411 1758 pulcherrima
1433 1678 1585 1753 videntur,

324 1778 528 1862 adjunximus:

565 1879 629 1936 lam
650 1878 717 1935 litus
739 1895 820 1934 omne
841 1879 948 1950 tegitur
969 1880 1002 1934 et·
1021 1876 1115 1946 campi
1135 1877 1227 1934 latent

564 1966 600 2022 ut
622 1965 707 2022 dubia
728 1969 829 2037 parent
851 1965 954 2024 montis
975 1965 1042 2022 ldaei
1059 1965 1140 2036 juga.

565 2054 601 2110 nt
624 2053 653 2109 id
675 2053 749 2126 quod
770 2073 858 2110 uuum
880 2053 1013 2126 pervicax
1035 2052 1108 2108 acies
1130 2051 1221 2120 videt,

563 2140 665 2196 Iliacus
688 2141 864 2198 abolemus
886 2141 1007 2212 apparet
1027 2141 1105 2195 uota.

564 2227 628 2284 Jam
650 2229 723 2284 lassa
745 2227 831 2284 Titan
853 2227 926 2286 colla
947 2227 1092 2283 relevabat
1111 2226 1194 2298 jugo,

554 2316 598 2370 'In
621 2319 697 2372 astra
716 2317 777 2388 jam
798 2317 847 2372 lux
869 2333 971 2387 prona,
992 2315 1053 2386 jam
1074 2329 1197 2384 praceps
1219 2313 1289 2369 dies:

564 2403 674 2475 Exigua
695 2405 782 2458 nubes
803 2405 912 2461 sordido
936 2419 1058 2457 crescens
1080 2401 1165 2473 globo

564 2490 693 2546 Nitidum
715 2492 840 2548 cadentis
860 2490 992 2563 inquinat
1013 2489 1118 2545 Phoebi
1137 2487 1231 2560 jubar.
1278 2573 1294 2630 8

1117 2595 1144 2633 v.
1168 2576 1268 2630 477-
1298 2575 1328 2632 4.

323 2697 511 2761 Describitur
532 2697 642 2761 deinde
665 2706 844 2778 tempestas:
883 2699 890 2708 '

563 2798 676 2854 Inferna
697 2817 753 2854 nox
775 2801 825 2854 est.
872 2797 1010 2853 Excidunt
1031 2798 1110 2869 ignes
1131 2799 1228 2852 tamen

565 2886 602 2941 Et
622 2887 697 2941 nube
718 2886 810 2942 dirum
831 2884 937 2940 fulmen
959 2886 1028 2940 elisa
1049 2885 1137 2940 micat

564 2974 726 3047 Miserisque
748 2973 818 3028 lucis
839 2974 923 3028 tanta
944 2971 1060 3028 dulcedo
1082 2973 1124 3027 est
1146 2971 1241 3026 malae:

565 3059 625 3116 Hoc
647 3061 743 3116 lumen
766 3061 876 3129 optant.

1116 3163 1143 3200 v.
1169 3143 1327 3199 515-18.

323 3263 475 3326 Praeclara
506 3261 613 3343 Ajacis
646 3285 762 3348 quoque
790 3265 963 3347 descriptio,
996 3285 1086 3347 quum
1114 3265 1238 3328 fulmine
1271 3265 1428 3327 ambustus
1449 3270 1481 3325 et
1502 3281 1583 3343 prae-

323 3383 393 3446 ceps
430 3365 463 3426 in
499 3384 581 3428 unare
619 3367 791 3444 devolutus,
830 3368 894 3450 ipse
926 3367 1057 3448 flagrans
1089 3367 1268 3448 flagrantem
1300 3385 1410 3428 narem
1443 3382 1580 3445 compre·

323 3464 442 3530 bendit:
615 3477 618 3484 '

502 3569 503 3576 ’
917 3567 994 3624 Caco
1016 3567 1089 3623 mari

563 3653 689 3711 collucet
711 3654 793 3726 Ajax.
839 3655 927 3712 Omne
948 3655 1107 3726 resplendet
1128 3654 1241 3711 belum.

1115 3761 1143 3800 v.
1169 3742 1326 3798 563-64.

323 3857 479 3940 Occupata
513 3879 584 3923 voro
617 3879 690 3942 rupe
723 3862 819 3925 victos
848 3883 867 3925 a
894 3883 925 3925 se
947 3863 1035 3938 daos,
1068 3862 1333 3940 victnmscoelum‚
1365 3862 1477 3926 victum
1501 3883 1581 3926 marc

322 3960 461 4040 glorianti
1477 3957 1480 3960 ’

564 4061 695 4118 Tridente
716 4079 814 4134 rupem
836 4064 944 4122 subruit
966 4065 1077 4136 pulsam
1098 4067 1180 4135 pater

564 4149 712 4219 Neptunus
732 4150 796 4205 imis
816 4167 929 4206 exerens
950 4151 1032 4206 undis
1053 4155 1139 4222 caput
1279 4213 1290 4222 ³

564 4235 709 4305 Solvitque
731 4242 855 4293 montem
877 4255 960 4308 quem
981 4238 1082 4294 cadens
1104 4256 1196 4294 secum
1217 4239 1286 4294 tulit

564 4323 705 4394 Terraque
727 4327 756 4379 et
778 4325 844 4396 igne
865 4325 956 4382 victus
977 4329 1007 4382 et
1028 4326 1130 4398 pelago
1149 4328 1236 4398 jacet.

1114 4431 1141 4469 v.
1168 4413 1327 4469 574-75.

322 4527 412 4590 Hauc
444 4527 645 4591 narrationem
677 4531 858 4594 Cassandra
885 4533 1019 4614 sequitur
1040 4534 1122 4595 furor
1143 4542 1174 4596 et
1194 4531 1387 4595 vaticinatio:
1410 4529 1460 4611 qui
1483 4530 1579 4604 locus,

323 4648 500 4712 quamquam
524 4630 695 4712 granditate
718 4632 856 4695 nimirum
882 4642 913 4697 et
933 4634 1040 4716 spiritu
1062 4634 1144 4697 nullo
1166 4643 1254 4716 pacto
1278 4653 1344 4697 cum
1366 4631 1513 4714 AEschylo
1535 4639 1579 4694 est

324 4733 542 4814 comparandus
551 4721 563 4808 ,’
591 4731 731 4797 imitandi
762 4743 863 4798 tamen
890 4755 958 4798 eum
980 4742 1011 4798 et
1033 4735 1218 4818 exprimendi
1240 4734 1360 4798 minime
1382 4732 1504 4796 dubiam
1528 4751 1578 4797 co-
