3508 5404
326 499 366 554 74
816 494 847 552 0.
870 497 902 554 E.
925 495 1098 554 Sandetrdm.

330 669 393 734 sibi
425 669 662 752 relinquendam
695 674 849 752 putasset,
876 668 1091 750 pestilentiam
1113 668 1155 732 ad
1177 675 1349 736 extromum
1371 667 1593 754 copiosissime

327 770 487 836 describit.
531 769 676 836 Occurrit
700 771 751 834 hic
772 770 860 832 locus
882 769 1015 834 nimium
1037 779 1187 852 quantum
1212 771 1355 852 ineptus:

565 871 690 942 Jamjam
711 869 819 940 aliquid
840 871 871 926 in
892 887 942 926 nos
963 870 1025 926 lata
1046 871 1140 926 moliri
1161 875 1275 941 parunt.

565 959 641 1014 Nam
663 958 732 1029 qnid
753 974 816 1013 rear
838 957 912 1028 quod
933 958 990 1014 ista
1011 955 1137 1014 (ladmeae
1159 957 1220 1014 luas

566 1045 672 1102 Infesta
694 1045 774 1116 genti
794 1046 890 1116 straga
911 1047 972 1100 tam
993 1044 1052 1101 lale
1073 1045 1151 1101 edita

565 1131 637 1189 Mihi
658 1132 751 1204 parcit
773 1130 842 1186 uui'?

1118 1236 1144 1272 v.
1170 1215 1306 1272 ‘rc-31.

407 1343 543 1408 Mortem
566 1342 678 1406 deinde
702 1338 765 1403 sibi
788 1345 881 1422 optat
903 1336 994 1400 fortis
1017 1358 1073 1400 rex
1097 1343 1129 1399 et
1143 1357 1253 1401 amans
1269 1336 1392 1412 civium,
1407 1344 1441 1400 ut
1457 1336 1586 1420 effugiat

324 1447 456 1530 publicae
478 1445 578 1508 cladis
600 1450 774 1524 aspectum.
818 1441 991 1522 Correptus
1021 1448 1126 1502 autem
1150 1441 1191 1502 ab
1214 1458 1312 1503 uxore
1335 1444 1465 1521 propter
1487 1437 1584 1502 animi

323 1547 584 1620 imbecillitatem,
607 1533 826 1606 fortitudinem
849 1560 939 1604 suam
962 1541 1013 1602 vel
1036 1539 1225 1622 Gigantibus
1246 1559 1355 1622 parem
1368 1547 1400 1601 et
1411 1537 1584 1622 Sphingem

324 1669 345 1712 a
365 1669 399 1714 se
423 1649 556 1712 occisam
579 1644 716 1728 gloriose
739 1662 814 1706 sane
838 1641 1005 1724 praedicat:
1028 1662 1048 1705 a
1071 1641 1212 1724 Sphinge
1236 1641 1332 1705 etiam
1355 1639 1490 1704 omnium
1515 1659 1583 1704 ma-

324 1752 425 1815 lcrum
448 1747 650 1832 repetendum
673 1743 861 1826 principium
884 1751 983 1824 putat.

408 1851 487 1916 (lum
522 1847 668 1914 Creontis
691 1855 794 1908 antam
824 1846 960 1908 adventu
985 1844 1079 1926 longa
1103 1843 1349 1926 descriptionum
1372 1841 1514 1905 exoritur
1534 1862 1585 1904 se-

325 1953 397 2018 ries.
441 1951 582 2024 Quarum
603 1946 767 2028 Delphica
789 1945 923 2028 virginis
946 1944 1050 2027 prima
1074 1954 1139 2023 est3
1163 1944 1212 2009 cui
1235 1962 1304 2008 sors
1326 1944 1399 2028 ipsa
1421 1943 1584 2025 subjungi-

324 2062 376 2118 tur
398 2051 592 2118 hexametris
613 2049 756 2112 versibus
780 2048 1018 2130 comprehensa:

565 2151 648 2208 uitia
670 2149 796 2204 Cadmeis
818 2149 983 2204 remeabunt
1006 2148 1098 2203 sidero
1120 2147 1232 2213 Thebis,

565 2237 595 2293 Si
616 2236 751 2308 profugus
772 2236 874 2291 Dircen
896 2235 1035 2290 Ismenida
1057 2235 1172 2305 liqueris
1192 2233 1292 2302 hospes

566 2317 649 2396 Regis
673 2323 746 2379 caede
768 2339 870 2378 nocens
891 2321 1004 2378 Phoebo
1023 2321 1084 2392 jam
1105 2323 1189 2376 notus
1211 2321 1240 2376 ct
1262 2319 1363 2376 intans.

564 2411 624 2468 Nec
645 2410 700 2466 tibi
722 2410 807 2482 longa
828 2411 945 2466 manent
966 2408 1109 2464 sceleratae
1131 2407 1236 2480 gaudia
1257 2407 1353 2464 credis:

500 2525 505 2536 -
565 2499 670 2556 Tecum
691 2497 768 2552 bella
789 2513 876 2569 geres,
900 2496 994 2568 gnatis
1016 2512 1128 2566 quoquc
1150 2493 1227 2550 bella
1247 2495 1387 2566 relinques

565 2584 672 2656 Turpia
693 2587 836 2640 maternos
857 2584 960 2640 iterum
982 2584 1125 2640 revolutus
1146 2582 1183 2637 ad
1204 2585 1291 2638 ortus.

1119 2689 1146 2726 r.
1171 2668 1330 2726 237-42.

327 2787 452 2861 suerit
484 2790 621 2872 OEdipus
655 2790 780 2867 deinde,
807 2811 867 2874 quo
890 2791 959 2854 loco
982 2791 1168 2858 interfectus
1190 2791 1290 2856 Laius
1311 2789 1369 2856 sit:
1391 2789 1456 2856 alia
1477 2788 1589 2855 statim

327 2891 416 2954 trivii
439 2890 524 2954 illius
545 2891 579 2954 in
600 2891 742 2956 Phocide
765 2891 947 2974 descriptio.

409 3025 484 3106 Jarn
507 3025 649 3088 Tiresias
672 3047 740 3090 cum
764 3027 936 3090 Theanone
958 3025 1024 3090 lilia
1045 3027 1240 3110 producitur.
1283 3023 1356 3089 Non
1378 3033 1428 3089 est
1448 3025 1501 3089 hic
1523 3023 1586 3100 ille,

327 3145 417 3208 quem
450 3126 625 3209 Sophocles
658 3129 794 3204 effinxit,
828 3127 980 3204 Tiresias,
1002 3130 1059 3192 sed
1081 3129 1241 3212 haruspex
1263 3125 1378 3209 aliquis
1401 3136 1587 3210 arreptnse

327 3227 412 3291 loro:
445 3237 567 3292 tantum
600 3250 662 3292 non
696 3236 872 3312 exspectes,
905 3237 941 3291 ut
975 3249 1072 3312 opera
1094 3238 1214 3295 navata
1236 3227 1444 3292 mercedulam
1466 3235 1587 3310 poscat.

327 3327 389 3400 Qui
413 3348 517 3411 quum,
539 3337 574 3393 ut
594 3339 697 3412 poetes
718 3331 826 3394 verbis
849 3339 935 3404 utar,
953 3340 1085 3414 propter
1106 3339 1291 3413 provectam
1313 3335 1438 3393 aetatem
1461 3340 1587 3412 pectore

327 3431 417 3492 deum
439 3432 580 3514 recipere
604 3450 666 3495 non
689 3432 803 3513 possit,
825 3433 866 3494 ad
889 3432 954 3494 alia
976 3434 1076 3514 magis
1099 3433 1274 3496 artificiosa
1290 3430 1455 3494 divinandi
1471 3449 1587 3511 genera

328 3529 499 3595 descendit.
543 3532 731 3596 Statuuntur
765 3541 838 3596 ante
861 3552 933 3595 aras
956 3534 1106 3598 victimae:
1130 3539 1319 3617 sparguntur
1340 3541 1414 3595 tnra
1435 3531 1586 3595 flammis:

328 3633 438 3722 omma⁸
478 3633 590 3695 deinde
624 3634 848 3698 sacrificiorum
881 3633 946 3697 ritu
979 3635 1162 3715 procedunt.
1217 3636 1266 3698 Ac
1298 3631 1431 3716 primum
1464 3633 1587 3715 quidem

328 3732 407 3796 lumi
441 3740 473 3796 et
501 3734 583 3816 ignis
607 3734 676 3817 quis
699 3735 825 3800 habitus
848 3736 900 3809 sit,
922 3736 1055 3800 subinde
1078 3737 1229 3819 qnaerenti
1251 3734 1337 3817 patri
1360 3733 1491 3798 Theano
1515 3727 1588 3799 dili-

327 3843 436 3915 genter
458 3834 602 3918 exponit:

571 3935 636 3993 Non
657 3954 714 3992 una
735 3935 819 3992 facies
841 3937 953 3994 mobilis
975 3939 1094 3998 flammae
1116 3940 1179 3997 icit.

1131 4045 1158 4084 v.
1184 4026 1255 4084 319.

570 4140 624 4198 Sed
645 4159 708 4198 ecee
730 4162 845 4217 pugnax
866 4146 940 4218 ignis
961 4146 992 4200 in
1013 4149 1108 4217 partes
1129 4149 1198 4205 duas

571 4229 695 4287 Discedit
718 4234 747 4287 ei
768 4249 796 4288 se
819 4233 922 4290 scindit
943 4233 1025 4288 unius
1046 4236 1119 4289 sacri

571 4315 682 4374 Discors
702 4317 812 4376 favilla.

1124 4426 1152 4464 v.
1177 4405 1337 4464 325-27.

331 4517 496 4582 Exterrito
529 4519 580 4584 his
608 4522 706 4605 signis
728 4533 820 4607 patre
843 4535 876 4588 et
897 4527 1003 4591 nescio
1027 4529 1102 4611 quid
1124 4529 1294 4594 nefandum
1316 4525 1527 4609 praesagiente
1551 4523 1591 4586 sd

333 4619 532 4701 extispicium
555 4624 724 4690 acceditur.
767 4628 947 4692 Mactantur
973 4636 1083 4692 taurus
1106 4637 1138 4694 et
1155 4629 1309 4712 juvenca:
1333 4628 1367 4692 in
1388 4645 1453 4710 qno-
1470 4623 1589 4689 diversi

332 4719 467 4786 Iocasta
489 4731 522 4787 ct
544 4725 654 4810 OEdipi
676 4727 779 4792 exitus
801 4727 848 4792 ita
869 4719 1128 4813 significantur:x
