3508 5404
340 535 378 590 76
442 569 446 578 -
571 481 577 494 .
825 529 856 587 G.
880 530 911 586 Ε.
935 527 1107 586 Sandstrdm.

341 708 380 770 de
401 707 483 770 Laio
507 724 631 788 quoque
655 703 730 767 olim
754 704 872 767 editam
895 710 1015 788 sortem
1037 701 1163 765 irritam
1187 701 1338 766 cecidisse
1362 715 1599 772 commemorat:

340 807 426 872 illurn
452 807 534 872 enim
557 807 738 887 Apollinem
760 803 947 886 praedixisse
976 802 1111 868 occisum
1134 803 1175 866 iri
1199 824 1219 866 a
1240 803 1322 867 filio:
1345 824 1413 868 esse
1436 815 1538 872 antem
1563 809 1598 872 in

340 911 436 973 trivio
459 910 594 992 quodam
618 929 638 971 a
661 907 835 970 latronibus
858 906 1068 970 interiectum:
1091 905 1201 968 statim
1225 905 1284 968 loci
1300 905 1508 972 similitudine
1524 931 1598 992 per-

341 1011 549 1075 cussus-alia
582 1030 620 1072 ex
653 1009 727 1072 aliis
758 1007 948 1071 sciscitando
972 1015 1046 1072 mox
1068 1026 1104 1070 eo
1127 1005 1285 1090 pervenit,
1307 1015 1342 1072 ut
1363 1007 1512 1075 dubitare
1534 1033 1596 1077 nou

341 1112 452 1194 possit,
476 1109 546 1194 quin
568 1112 636 1192 ipse
658 1111 771 1174 Laium
794 1110 998 1174 interfecerit.
1032 1108 1116 1182 Quae·
1132 1107 1255 1172 Seneca
1277 1145 1315 1154 —
1338 1111 1443 1188 credo,
1458 1120 1595 1195 utquam

341 1213 685 1295 paucissirnis·verbis
728 1211 838 1280 exilem
871 1211 1036 1274 materiam
1070 1218 1102 1272 et
1134 1209 1332 1273 infecundam
1356 1213 1536 1279 absolveret
1556 1251 1595 1262 --

341 1315 387 1378 sic
420 1317 499 1378 n'ude
529 1324 559 1377 et
584 1313 771 1395 simpliciter
800 1311 867 1374 sine
896 1312 959 1385 ullo
990 1309 1124 1376 artificio
1153 1310 1319 1375 tractavit:
1342 1313 1488 1379 Iocasten
1513 1316 1593 1380 enim

341 1415 418 1479 nihil
451 1415 537 1478 alind
570 1399 647 1479 iacit
669 1433 760 1496 quam
783 1412 923 1508 breviter
945 1415 1062 1496 OEdipo
1085 1412 1325 1494 respondentem
1349 1412 1387 1474 de
1411 1415 1491 1480 facie
1513 1418 1594 1493 Laii,

341 1521 380 1582 de
403 1537 532 1608 numero
556 1517 712 1590 comitum,
736 1515 773 1578 de
796 1514 865 1579 loco
888 1515 940 1578 ubi
963 1516 1147 1580 interfectus
1170 1515 1227 1578 sit:
1251 1533 1320 1597 quae
1343 1534 1435 1597 quum
1457 1517 1511 1580 ille
1533 1539 1595 1582 om-

342 1619 394 1683 nia
429 1620 517 1682 videt
549 1637 727 1701 congruere,
750 1616 891 1698 perinde,
911 1627 951 1689 ,nt
971 1616 1045 1690 illic,
1068 1635 1101 1679 se
1125 1615 1210 1680 illius
1234 1615 1327 1680 caedis
1350 1635 1418 1682 esse
1442 1629 1594 1684 auctorem

341 1701 467 1785 fatetur.

404 1822 490 1912 'lle¹
506 1840 617 1901 genere
646 1839 721 1883 vero
744 1837 800 1881 suo
823 1838 885 1881 non
908 1819 1003 1882 aliter
1025 1837 1117 1900 quam
1141 1818 1224 1899 apud
1247 1818 1436 1900 Sophoclem
1459 1821 1596 1885 docetur.

341 1923 445 1992 Adest
477 1921 604 1984 nuntius
638 1943 656 1984 a
685 1919 853 1996 Corinth03
881 1921 931 2002 qni
958 1921 1092 2003 primum
1115 1920 1272 2002 Polyburn
1295 1939 1312 1982 e
1333 1922 1402 1984 vita
1426 1923 1596 1986 decessisse

341 2032 463 2100 narrat3
485 2031 549 2085 tum
573 2023 675 2085 laetum
701 2022 849 2102 OEdipum
872 2030 904 2083 et
927 2021 1156 2104 quodammodo
1180 2021 1399 2103 respirantem,
1424 2024 1512 2106 quod'
1529 2043 1594 2088 eam

341 2134 464 2206 partem
498 2125 605 2198 sortis,
639 2143 707 2206 qnae
742 2125 781 2184 ad
803 2123 905 2204 patris
929 2124 1043 2186 caedem
1068 2130 1236 2204 spectaret,
1260 2119 1414 2204 effugerit,
1438 2126 1475 2186 de
1499 2126 1595 2190 altera

341 2235 446 2312 parte]¹
456 2235 490 2288 et
509 2225 547 2288 de
571 2234 671 2288 matre
695 2225 876 2288 etiamnunc
898 2232 1073 2306 paventem,
1097 2233 1133 2287 nt
1153 2225 1214 2288 hac
1238 2245 1362 2308 quoque
1385 2225 1595 2290 sollicitudine

342 2348 398 2391 sno
421 2329 573 2390 liberetur
595 2327 755 2401 beneficio,
779 2347 840 2390 non
865 2327 964 2390 exiis
988 2347 1055 2389 esse
1079 2335 1186 2390 natum
1211 2327 1312 2403 docet,
1336 2327 1447 2410 quibus
1463 2338 1595 2409 putetur:

342 2429 495 2494 infantem
529 2449 563 2491 se
596 2450 664 2492 enm
693 2429 808 2509 reginae
830 2429 1019 2506 tradidisse3
1042 2429 1146 2510 ipsum
1170 2447 1189 2489 a
1210 2428 1362 2492 Thebano
1386 2429 1520 2513 quodam
1541 2451 1596 2513 pa·

342 2540 427 2594 store
451 2531 619 2612 accepisse.
664 2531 847 2593 Arcessitus
868 2529 938 2607 ille;
972 2539 1203 2611 componuntur
1224 2529 1386 2594 homines:
1409 2531 1457 2593 ita
1479 2533 1596 2596 veritas

343 2641 556 2713 extorquetur.
601 2633 678 2694 Haec
710 2631 807 2712 igitur
839 2651 930 2712 quum
964 2633 1056 2695 rebus
1093 2630 1171 2713 ipsis
1200 2651 1267 2693 oum
1292 2631 1451 2715 Sophocle
1471 2652 1595 2715 prorsus

342 2733 595 2796 conveniunt-
619 2733 681 2795 nisi
705 2733 800 2816 quod,
824 2752 919 2816 quum
942 2733 1086 2798 subditus
1115 2733 1265 2814 aregina
1287 2734 1355 2796 viro
1379 2734 1484 2796 infans
1507 2735 1597 2798 OEdi-

342 2853 402 2916 pus
436 2833 559 2908 dicitur,
587 2833 618 2895 id
644 2834 790 2916 quoniam
814 2853 833 2896 a
855 2833 1023 2916 Sophoclis
1053 2841 1233 2916 argumento
1257 2833 1417 2909 abhorret,
1440 2835 1481 2896 ab
1503 2836 1597 2899 Euri-

344 2935 417 3016 pide
450 2955 592 3022 manasse
627 2935 875 2998 existimandum
909 2944 957 2999 est
978 2973 1019 2982 —-
1040 2946 1104 3001 tum
1129 2935 1271 2999 oratione
1295 2955 1416 3019 quoque
1440 2943 1471 2998 et
1493 2937 1596 3000 verbis

342 3035 389 3099 ita
421 3055 572 3124 expressa
604 3057 643 3099 ex
666 3035 821 3118 Sophocle
843 3033 986 3114 sunt,'ut
1008 3038 1039 3102 in
1062 3019 1232 3102 nnllo'alio
1255 3037 1323 3100 loco
1346 3057 1432 3119 seque
1455 3038 1595 3102 Graecum

343 3137 504 3219 exemplar
537 3138 706 3201 effinxerit.
749 3139 800 3200 Ita
832 3145 937 3202 tamen
970 3139 1037 3203 haec
1069 3138 1189 3202 similia
1221 3147 1303 3213 sunt,
1326 3148 1362 3202 ut
1383 3138 1410 3200 si
1434 3158 1502 3202 cum
1524 3140 1595 3202 vivo

343 3258 473 3319 corpore
496 3249 651 3301 mortuum
677 3258 846 3321 compares.
880 3241 1089 3304 Desideratur
1110 3241 1142 3302 in
1166 3240 1216 3302 his
1240 3247 1272 3301 et
1293 3239 1385 3320 plane
1398 3242 1499 3316 abest,
1509 3241 1597 3324 quic-

342 3340 416 3423 quid
438 3339 480 3402 in·
492 3340 557 3403 illis
580 3341 683 3422 spirat
705 3341 827 3421 gratia,
840 3341 972 3414 decoris,
985 3343 1147 3419 veritatis3
1163 3341 1369 3403 membrorum
1386 3343 1596 3406 tantummodo

343 3449 375 3504 et
397 3443 485 3522 quasi
508 3442 648 3523 ipsorum
672 3444 934 3506 lineamentorum
958 3443 1060 3525 rigida
1088 3443 1232 3526 quaedam
1256 3449 1289 3504 et
1312 3441 1497 3507 oblitterata
1513 3443 1596 3506 colo·

343 3542 428 3604 ribus
462 3550 569 3605 exstat
596 3541 780 3606 similitudo.
824 3545 918 3620 Nam,
940 3553 975 3608 ut
997 3545 1062 3607 alia
1084 3545 1239 3616 omittam,
1263 3544 1403 3607 nuntium
1427 3543 1514 3607 illum
1537 3543 1598 3609 (lo-

343 3643 496 3706 rinthiurn
531 3643 656 3726 qualem
690 3647 843 3728 quamque
873 3645 994 3728 egregie
1017 3643 1348 3727 effinxitSophocles!
1392 3644 1494 3717 Quam
1516 3665 1597 3720 vere,

345 3764 437 3825 qnam
460 3745 619 3807 commode
642 3765 743 3826 mores
765 3745 909 3808 hominis‘
927 3747 1095 3828 expressit,
1117 3745 1229 3809 lucello
1252 3765 1309 3827 pro
1332 3747 1404 3809 lato
1427 3747 1536 3810 nuntio
1548 3746 1596 3808 in-

344 3844 462 3908 hiantis
496 3846 758 3928 percontantique
791 3847 873 3930 regi⁸
891 3849 1114 3911 deindustria
1136 3849 1227 3910 tarde
1248 3846 1448 3930 breviterque
1471 3867 1597 3931 respon-

344 3947 457 4023 dentis,
501 3966 560 4028 quo
598 3939 718 4009 diutius
755 3969 789 4012 se
821 3958 888 4013 tum
922 3949 1057 4030 primum
1081 3948 1186 4030 magni
1209 3948 1359 4012 momenti
1381 3948 1506 4012 homine
1528 3967 1596 4031 per·

343 4049 481 4111 fruatur!
525 4048 628 4120 Quam
664 4049 783 4130 tragice
817 4050 951 4133 deniqne
987 4058 1053 4114 tam
1081 4049 1219 4132 ingentis
1242 4050 1301 4112 fati
1325 4049 1500 4113 ministrum
1523 4049 1598 4113 facit

342 4156 407 4212 tam
442 4151 559 4213 levem!
603 4150 689 4240 Idem
721 4151 803 4231 apud
827 4151 980 4216 Senecam
1002 4171 1059 4234 pro
1082 4153 1192 4215 nativo
1215 4151 1270 4214 illo
1294 4159 1326 4216 et
1347 4151 1508 4215 rusticano
1531 4171 1597 4215 ser·

342 4269 432 4314 mone
454 4250 662 4315 sententiolas
686 4272 905 4337 usquequaque
928 4261 961 4317 et
982 4253 1138 4336 ampullas
1161 4253 1293 4317 effundit
1315 4259 1408 4335 atque
1431 4253 1528 4316 etiam
1546 4255 1597 4316 de-

341 4359 460 4417 terrere
494 4372 596 4434 regem
631 4354 671 4415 ab
694 4353 881 4436 inquirendo
905 4363 1051 4432 conatur;
1079 4375 1138 4437 quo
1162 4353 1243 4418 nihil
1266 4353 1399 4436 cogitari
1421 4362 1530 4436 potest
1551 4355 1597 4417 in-

341 4450 454 4534 eptius,
488 4456 603 4537 quippe
636 4473 739 4536 quum,
768 4455 843 4538 qnid
875 4475 914 4518 ex
937 4475 974 4520 ea
997 4458 1167 4539 quaestione
1191 4465 1376 4519 eventurum
1396 4456 1449 4532 sit,
1470 4475 1596 4539 prorsus

340 4555 421 4618 scire
443 4541 503 4618 non
526 4556 639 4638 possit.
683 4555 747 4620 Sed
771 4557 809 4619 de
831 4557 882 4620 his
905 4557 1039 4621 io'rtasse
1060 4559 1126 4640 jam
1150 4557 1243 4621 nimis
1267 4557 1376 4620 multa.

424 4657 491 4720 Vix
527 4659 655 4720 tandem
694 4659 735 4719 ad
759 4657 912 4738 ejusmodi
935 4658 1037 4721 locum
1058 4659 1271 4740 pervenimus,
1294 4658 1344 4740 qui
1366 4677 1429 4720 non
1450 4659 1490 4721 ab
1514 4657 1596 4722 omni

340 4766 431 4837 parte
460 4759 503 4819 sit
525 4760 812 4840 reprehendendus.
857 4761 941 4824 Nam
978 4767 1011 4824 et
1047 4780 1160 4824 maeror
1193 4767 1226 4822 et
1258 4761 1359 4842 pudor
1386 4758 1496 4841 OEdipi
1520 4759 1595 4822 satis

338 4857 481 4939 graviter
501 4859 705 4941 exprimitur:
