3508 5404
321 515 361 573 ‘lo
812 509 843 570 (i.
867 513 898 569 ll.
921 511 1094 572 muneram.

319 687 451 752 insaniae
472 684 595 762 siderit,
617 686 827 749 tumultuatur
847 691 952 748 tamen
976 682 1159 747 etiamnunc
1182 684 1303 748 animus
1325 685 1390 766 ejus
1414 691 1446 747 et
1461 683 1578 748 receuti

320 797 406 852 motu
440 807 607 852 concussus
640 793 795 850 exaestuat
828 793 869 860 et,
902 804 994 868 quam
1025 785 1057 847 in
1082 787 1186 848 lurore
1208 785 1392 850 violentiam
1414 785 1579 867 prompsit,

319 891 449 955 eandem
473 890 504 952 in
527 888 661 971 querelis
684 896 717 951 et
738 886 1021 950 lamentationibus
1043 893 1160 948 servat.
1204 886 1400 970 Quamquam
1423 887 1488 951 bac
1509 889 1578 970 qui-

320 992 390 1055 dem
412 990 530 1054 sedatae
549 990 617 1071 jam
640 988 753 1053 mentis
776 989 872 1051 etad
895 987 1068 1050 sanitatem
1091 987 1226 1052 redacta
1249 987 1412 1054 videntur:

563 1123 627 1179 Non
649 1124 688 1179 cic
711 1123 801 1178 imore
825 1121 906 1178 cessit
928 1122 1080 1178 exstinctus
1102 1121 1201 1193 pudor,

561 1211 682 1280 Populos
703 1211 735 1266 ut
758 1225 852 1265 omnes
874 1209 952 1278 inpio
974 1209 1108 1280 adspectu
1129 1209 1233 1280 fugem.

558 1298 645 1353 Arma
666 1313 746 1353 arma
767 1297 875 1352 Theseu
896 1296 995 1367 flagito
1017 1311 1136 1366 propere
1157 1296 1228 1351 mihi

559 1385 710 1443 subtracta
732 1384 819 1438 reddi.
865 1383 941 1439 Sana
962 1383 985 1438 ei
1006 1400 1084 1438 mene
1105 1385 1148 1438 eet
1170 1383 1249 1450 mihi,

559 1473 671 1530 Referte
696 1470 826 1526 manibus
847 1469 916 1526 tela.
962 1469 990 1524 Si
1012 1473 1139 1526 remanet
1161 1469 1246 1536 fruor,

559 1560 645 1616 Pater
666 1558 772 1622 recede,
796 1557 895 1613 mortis
917 1557 1060 1613 inveniam
1082 1558 1167 1613 viam.

1111 1662 1139 1700 v.
1165 1645 1342 1701 1243-52.

320 1764 379 1826 Hae
401 1783 477 1826 vero
500 1763 595 1846 plane
617 1764 808 1828 insanientis
832 1783 926 1828 voces
948 1772 1038 1829 suut:

911 1883 998 1940 Arma
1019 1883 1073 1940 uisi
1094 1884 1198 1940 dautur
1220 1885 1299 1951 mihi,

560 1969 616 2026 Aut
638 1987 720 2025 omne
741 1969 823 2026 Pindi
844 1971 952 2026 thracis
973 1970 1101 2028 excidam
1123 1987 1220 2028 nemus

561 2055 722 2128 Bacchique
743 2058 820 2114 lucos
843 2061 872 2114 ct
894 2057 1058 2116 Oithaeronis
1076 2059 1148 2132 iuga

560 2145 669 2200 Mecum
692 2145 829 2201 cremabo.

913 2231 986 2288 'Pota
1007 2247 1071 2287 cum
1092 2229 1198 2286 laribus
1219 2233 1275 2288 suis

563 2317 743 2387 Dominisque
765 2321 853 2383 tecte,
876 2335 940 2373 cum
962 2318 1021 2374 deis
1042 2319 1150 2389 templa
1172 2321 1300 2376 omnibus

563 2405 699 2460 Thebana
721 2423 805 2476 supra
826 2422 926 2475 corpus
948 2407 1086 2477 excipiam
1108 2422 1201 2461 meum

560 2494 654 2561 Atque
675 2493 744 2548 urbe
766 2509 850 2549 versa
871 2493 976 2550 condar
998 2496 1027 2549 et
1049 2494 1073 2548 si
1095 2491 1213 2549 fortibus

560 2579 632 2635 Leve
654 2578 763 2649 pondus
783 2580 906 2636 humeris
927 2582 1038 2636 moenia
1059 2579 1174 2636 inmissa
1194 2579 1321 2638 incident
1363 2625 1367 2634 ,

561 2665 727 2736 Septemque
750 2670 864 2738 opertus
885 2684 942 2722 non
964 2668 1032 2724 satis
1053 2666 1143 2738 portis
1164 2683 1285 2737 premar.

560 2753 636 2808 Onus
659 2769 739 2809 omne
762 2753 854 2810 media
876 2755 957 2824 parte
979 2755 1053 2824 quod
1074 2752 1171 2808 mundi
1193 2753 1269 2810 sedet

559 2840 728 2910 Dirimitque
750 2858 863 2911 superos
884 2841 915 2896 iu
937 2859 1030 2898 meum
1052 2843 1162 2898 vertam
1184 2845 1279 2911 ceput.

1110 2946 1138 2984 v.
1165 2929 1388 2985 lael-1301.

400 3049 565 3114 Deducere
589 3057 694 3111 antem
720 3068 787 3111 eum
811 3068 831 3111 a
854 3047 939 3111 tristi
963 3047 1105 3126 consilio,
1128 3059 1163 3113 nt
1185 3052 1270 3132 apud
1292 3053 1478 3138 Euripidem
1495 3056 1578 3118 The-

316 3171 401 3226 seus,
434 3150 481 3214 sic
514 3151 600 3232 apud
632 3151 713 3213 huno
743 3149 958 3233 Amphitryon
982 3150 1116 3213 maxime
1139 3160 1286 3230 conatnr3
1309 3154 1397 3236 cujus
1420 3156 1451 3218 iu
1474 3157 1578 3220 verbis

318 3272 356 3314 ea
391 3273 520 3316 summae
553 3252 697 3334 pietatis,
731 3271 769 3313 ea
791 3251 980 3315 maestissimi
1011 3251 1129 3314 doloris
1152 3252 1268 3316 eminet
1290 3255 1422 3337 species,
1444 3266 1478 3321 ut
1499 3257 1579 3321 hunc

315 3355 417 3418 locum
452 3355 535 3417 inter
565 3353 793 3436 pulcherrimos
815 3353 943 3417 Senecae
966 3354 1191 3416 numerandum
1212 3353 1299 3417 haud
1323 3356 1507 3422 dubitanter
1529 3361 1579 3421 af-

318 3456 517 3519 firmaverim.
560 3454 662 3528 Quem
698 3453 810 3530 locum,
843 3455 871 3517 si
905 3453 1103 3536 permitteret
1135 3452 1226 3534 hujus
1259 3457 1431 3522 voluminis
1459 3461 1579 3536 modus,

318 3563 418 3619 totum
443 3556 595 3619 debebam
618 3555 846 3619 transscribere
854 3576 864 3633 ;
877 3576 969 3632 nunc,
984 3562 1019 3618 ut
1031 3553 1166 3636 quidque
1181 3556 1427 3635 pulcherrimum
1443 3559 1578 3640 ridetur,

319 3677 499 3740 excerpam:

430 3792 535 3864 Amph.
558 3792 611 3848 Per
633 3795 732 3848 sancta
753 3791 864 3864 generis
884 3807 973 3856 sacra,
996 3807 1047 3862 per
1066 3791 1112 3862 jus
1134 3792 1254 3848 nominis

559 3879 716 3950 Utrumque
738 3879 837 3944 nostri,
860 3877 918 3933 sive
940 3895 985 3934 me
1008 3881 1150 3934 auctorem
1173 3897 1257 3936 rocas

559 3965 613 4021 Seu
634 3968 667 4021 tu
689 3969 834 4036 parentem
857 3981 962 4035 perque
984 3965 1155 4021 venerandos
1176 3966 1230 4036 piis

559 4052 656 4118 Oanos,
680 4057 796 4108 senectae
819 4069 903 4122 parce
925 4052 1039 4108 desertae
1060 4069 1159 4123 precor

559 4140 701 4210 Annisque
723 4139 808 4202 fessis,
831 4139 944 4194 unicum
967 4139 1053 4209 lapsae
1074 4139 1170 4194 domus

559 4227 727 4293 Firmamem
750 4245 838 4282 unum
860 4227 988 4282 columen
1011 4225 1130 4282 adflicta
1151 4226 1242 4283 malie.

559 4315 657 4370 Temet
677 4331 798 4380 reserva,
821 4313 915 4370 nullus
937 4330 971 4370 ex
992 4316 1022 4370 te
1044 4313 1164 4386 contigit

558 4402 677 4459 Fructus
698 4402 836 4458 laborum.

1111 4505 1139 4543 v.
1166 4486 1344 4542 1253-60.

429 4575 532 4648 Amph.
556 4575 653 4632 Reddo
675 4592 764 4631 arma.

449 4663 532 4720 Hero.
797 4661 859 4717 Vox
881 4662 923 4715 est
945 4659 1032 4730 digna
1053 4659 1180 4729 genitore
1202 4657 1339 4714 Herculis.

559 4751 620 4812 Hoc
641 4767 676 4806 en
698 4752 859 4824 peremptus
880 4745 988 4818 spiculo
1010 4745 1111 4802 cecidit
1132 4761 1211 4816 puer.
