3508 5404
575 457 921 516 manumissore
942 455 1113 529 magones
1431 457 1473 516 se

211 630 339 694 mudum
372 627 490 694 ridetur
522 630 647 712 reperiri
679 631 710 694 in
737 630 796 694 hac
821 629 919 694 latina
939 636 1003 694 tam
1026 627 1138 704 melta,
1159 646 1224 710 queo
1245 627 1287 694 ab
1308 627 1472 714 AEsehyleo

210 741 389 812 argumento
422 732 508 812 longe
538 731 685 816 longeque
708 731 877 796 discedant.
919 729 1008 802 Quod
1031 729 1167 812 quidem,
1200 739 1234 792 ut
1255 730 1385 796 breviter
1405 751 1473 796 am·

210 830 337 914 plectar,
359 832 529 912 hujusmodi
550 842 606 896 est.

290 949 448 1014 Indncitur
470 950 598 1032 primum
621 957 710 1014 vetus
732 949 853 1033 quidam
875 948 1113 1029 Agamemnonis
1137 949 1282 1012 famulus:
1303 948 1353 1030 qui
1369 958 1471 1014 custos

205 1048 237 1112 in
260 1050 327 1114 alta
347 1059 429 1113 turre
452 1050 651 1128 constitutus,
673 1059 721 1126 ut,
750 1050 876 1132 siquod
898 1051 1017 1130 signum
1040 1069 1078 1112 ex
1099 1050 1191 1131 Troja
1213 1071 1232 1112 a
1254 1049 1359 1114 Graeco
1382 1069 1471 1114 exer·

207 1149 270 1214 citu
292 1151 416 1214 missum
438 1161 533 1227 esset,
556 1152 725 1234 exciperet,
757 1151 828 1216 dum
851 1151 956 1215 durum
979 1151 1195 1233 molestumque
1218 1150 1361 1214 entonis
1384 1150 1471 1214 labo-

206 1270 269 1314 rem
293 1251 468 1336 longamque
490 1253 602 1317 domini
625 1252 793 1317 absentiam
817 1253 1009 1326 lamentatur,
1031 1251 1178 1332 conspicit
1197 1251 1297 1314 subito
1320 1252 1416 1332 ignem
1432 1271 1470 1316 ex

203 1353 344 1434 proxima
364 1355 487 1436 specula
509 1373 677 1418 accensum.
720 1353 826 1418 Laetus
847 1353 937 1434 igitur
958 1353 997 1416 ad
1019 1352 1283 1435 Olytaemnestram
1295 1351 1468 1418 Graecorum

204 1452 366 1518 victoriam
388 1455 559 1519 nuntiatum
580 1454 725 1520 accurrit:
746 1455 799 1518 illa
820 1475 882 1518 rem
903 1474 970 1518 uum
993 1454 1083 1517 choro
1098 1453 1315 1517 communicat:
1338 1473 1396 1536 quo
1411 1454 1469 1518 du-

204 1554 339 1630 bitante,
372 1575 411 1620 an
435 1565 547 1622 temere
569 1556 637 1630 illa,
658 1566 693 1620 ut
714 1555 830 1630 mulier,
864 1555 968 1618 nuntio
990 1554 1166 1628 crediderit,
1200 1555 1276 1618 alius
1297 1556 1468 1636 supervenit

207 1657 347 1730 nuntius,
370 1656 607 1737 Agamemnonis
629 1677 744 1740 praeeo,
765 1657 964 1740 Talthybius:
987 1675 1075 1739 equo
1090 1655 1323 1740 Olytaemuestra
1338 1665 1368 1720 et
1382 1654 1468 1738 Aga·

207 1775 396 1820 memnonem
419 1758 564 1820 victorem
586 1757 698 1822 reverti
719 1766 750 1822 et
772 1766 904 1820 ceteram
928 1756 1101 1820 Graecorum
1117 1757 1244 1820 classem
1260 1757 1373 1822 recenti
1390 1764 1469 1821 tem-

203 1865 324 1939 pestate
347 1858 507 1939 disjectem
530 1860 693 1940 cognoscit.
735 1859 807 1922 Jam
835 1857 1045 1940 Agamemnon
1075 1858 1163 1922 adest
1183 1858 1260 1940 ipse:
1293 1878 1378 1941 quem
1399 1858 1468 1934 illa,

203 1976 262 2041 quo
286 1959 381 2041 magis
404 1961 501 2023 omnis
523 1960 584 2024 doli
606 1960 736 2043 suspicio
758 1959 898 2036 tollatur,
929 1959 967 2022 iis
990 1959 1152 2046 honoribus
1173 1959 1299 2041 excipit,
1331 1967 1365 2024 ut
1385 1959 1466 2023 viam

202 2061 318 2142 ipsam,
351 2080 410 2144 qua
437 2062 558 2126 domum
581 2070 628 2124 est
649 2063 850 2144 ingressurus,
882 2059 995 2142 tapetis
1018 2062 1173 2142 purpureis
1195 2069 1321 2125 sternat.
1363 2059 1466 2144 Atque

201 2161 253 2224 ille
287 2161 405 2244 quidem
439 2163 536 2226 intrat
568 2164 704 2227 domurn:
737 2161 912 2227 Cassandra
942 2162 1027 2245 sequi
1055 2163 1144 2243 jussa
1171 2163 1324 2226 obstinato
1346 2162 1466 2228 silentio

201 2263 317 2328 abnuit
361 2263 407 2328 Ut
427 2283 499 2327 vero
524 2264 760 2348 Olytaemnestra
780 2283 896 2346 quoque
917 2263 1000 2327 intus
1021 2283 1053 2326 se
1075 2263 1202 2346 recepit,
1223 2272 1286 2326 tom
1299 2263 1400 2327 divino
1419 2264 1467 2327 fu·

200 2383 267 2428 rore
299 2365 454 2429 concitate
485 2365 650 2430 instantem
684 2376 716 2429 et
741 2365 978 2446 Agamemnonis
1004 2373 1130 2428 mortem
1159 2376 1191 2428 et
1212 2385 1296 2428 suam
1320 2365 1466 2448 preadicit.

201 2465 277 2529 Mox
300 2465 536 2549 Glytaemnestra
567 2487 635 2530 cum
666 2467 809 2548 AEgisthe
831 2467 965 2548 procedit
986 2465 1173 2549 occisumque
1195 2486 1215 2530 a
1234 2485 1267 2528 se
1290 2485 1357 2530 esse
1378 2467 1466 2550 Aga-

201 2585 398 2643 memnonem,
422 2567 574 2648 adjunctis
596 2568 737 2631 facinoris
760 2567 874 2642 causis,
897 2566 1158 2648 impudentissime
1180 2568 1352 2649 profitetur,
1375 2587 1465 2632 aver·

201 2675 291 2732 sente
324 2668 414 2732 choro
442 2669 541 2734 scelus
569 2677 601 2732 et
628 2669 703 2732 iram
726 2670 828 2751 populi
851 2668 1126 2752 lapidationemque
1148 2669 1316 2733 minitante.
1358 2669 1407 2734 Ae
1428 2670 1465 2738 de

201 2767 372 2854 AEsehylea
393 2770 510 2852 quidem
532 2770 636 2834 sabula
659 2770 817 2836 hactenus.

286 2903 418 2966 Latinos
439 2925 512 2968 vero
534 2915 626 2988 poeta
647 2906 684 2968 de
707 2905 802 2986 primo
824 2903 875 2968 illo
897 2904 1001 2968 nuntio
1024 2903 1108 2980 silet,
1141 2925 1195 2988 pro
1218 2925 1253 2968 eo
1274 2913 1376 2968 autem
1397 2925 1464 2970 um·

200 3004 287 3067 brem
309 3004 453 3089 Thyestae
467 3004 705 3088 Agamemnonis
721 3013 847 3070 mortem
862 3006 1075 3088 praedicentem
1088 3005 1214 3070 inducit.
1237 3006 1344 3070 Prodit
1356 3007 1463 3070 deinde

199 3104 539 3189 Olytaemnestradubia
559 3107 653 3172 animi
675 3116 764 3190 atque
786 3107 903 3171 ineerta
924 3117 971 3183 et,
993 3108 1136 3191 quidnam
1155 3115 1243 3189 agat,
1264 3127 1332 3171 cum
1347 3107 1462 3172 nutries

199 3206 379 3271 deliberans.
421 3208 470 3272 Ac
491 3209 579 3273 modo
602 3218 731 3272 vetustae
754 3229 821 3273 cnm
844 3211 908 3272 viro
930 3209 1093 3272 simultatis
1120 3208 1265 3290 originem
1295 3228 1459 3292 causasque

199 3317 364 3384 retractat3
387 3310 474 3374 modo
496 3309 628 3392 suseepti
650 3309 755 3392 flagitii
778 3309 961 3374 conscientia
983 3317 1014 3372 et
1037 3309 1160 3372 redituri
1178 3309 1304 3389 jamjam
1326 3309 1459 3392 conjugis

198 3419 280 3472 metu
302 3418 458 3492 torquetur
466 3429 476 3486 ;
509 3413 596 3474 modo
624 3411 746 3475 funesta
773 3411 988 3492 Pelopidarum
1011 3409 1116 3473 domus
1139 3409 1276 3491 exempla
1297 3411 1459 3492 respiciens

197 3509 238 3573 ad
260 3511 347 3592 paria
368 3513 482 3576 scelera
503 3532 535 3574 se
556 3511 627 3594 ipsa
647 3512 789 3594 instigat3
811 3531 902 3595 quum
924 3511 1043 3574 interim
1066 3511 1182 3587 nutrix,
1207 3519 1241 3575 ut
1261 3531 1380 3592 semper
1400 3512 1460 3576 hu·

195 3609 331 3691 jusmodi
363 3612 393 3675 in
426 3612 588 3692 tragoediis
610 3614 759 3688 nutrices,
793 3614 832 3676 ad
855 3613 981 3676 honesta
1002 3612 1127 3676 consilia
1148 3612 1252 3676 sedulo
1274 3613 1458 3676 cohortatur.

196 3711 331 3793 AEgisthi
343 3721 444 3776 autem
468 3715 599 3778 adventu
620 3722 744 3796 repente
763 3713 997 3796 Clytaemnestra
1011 3721 1161 3796 mutatqr:
1183 3715 1363 3778 ostendente
1379 3714 1459 3777 enim

195 3813 264 3888 illo,
286 3823 432 3896 quantum
454 3816 494 3879 ab
515 3813 759 3897 Agamemnone,
778 3816 805 3878 si
826 3816 928 3879 salvus
950 3815 1083 3891 redierit,
1104 3815 1269 3897 periculum
1283 3816 1387 3891 instet,
1401 3813 1459 3878 nisi

195 3925 317 3979 strenue
349 3914 462 3999 aliquid
495 3916 698 3998 providerint,
729 3915 785 3978 illa
810 3935 913 3980 rursus
941 3916 1069 3980 honesta
1086 3915 1219 3996 jactare,
1241 3915 1458 3999 poenitentiam

198 4036 297 4097 agere,
317 4017 440 4080 veniam
461 4017 564 4081 delicti
585 4036 715 4099 sperare.
748 4015 816 4090 Quo
839 4026 971 4101 tempore
991 4017 1055 4098 jam
1076 4036 1134 4080 sua
1154 4024 1262 4099 sponte
1277 4017 1458 4081 sententiam

198 4118 317 4182 lortiter
348 4118 445 4181 tuenti
477 4119 580 4182 nutrix
611 4118 688 4182 satis
721 4119 831 4183 aeriter
862 4118 1016 4194 subvenit,
1049 4136 1140 4200 quum
1168 4118 1213 4183 ita
1233 4117 1265 4182 in
1286 4117 1458 4200 AEgistlrnm

200 4218 367 4284 invehitur:

442 4319 591 4391 Subripere
613 4319 711 4379 doctus
732 4319 830 4378 fraude
851 4319 970 4394 genialis
990 4321 1066 4376 toros

443 4407 530 4476 Quem
551 4422 652 4464 venere
673 4410 787 4465 tentum
808 4409 909 4464 scimus
929 4406 1032 4462 illicita
1053 4406 1159 4471 virum,

440 4493 554 4550 Faeesse
574 4511 692 4566 propere
713 4511 748 4552 ec
768 4495 886 4552 dedecus
906 4496 1008 4551 nostre
1029 4493 1127 4550 domus

441 4581 564 4654 Asporta
584 4582 622 4638 ab
643 4581 742 4649 oeulis:
766 4581 826 4640 hmo
846 4585 931 4640 vacat
952 4579 1013 4654 regi
1035 4581 1105 4637 viro.

994 4687 1022 4725 v.
1046 4663 1226 4723 teo-302.

1288 4783 1327 4844 12
