<?xml version="1.0" encoding="UTF-8"?>
<!DOCTYPE html PUBLIC "-//W3C//DTD XHTML 1.0 Transitional//EN"
    "http://www.w3.org/TR/xhtml1/DTD/xhtml1-transitional.dtd">
<html xmlns="http://www.w3.org/1999/xhtml" xml:lang="en" lang="en">
 <head>
  <title>
</title>
<meta http-equiv="Content-Type" content="text/html;charset=utf-8" />
  <meta name='ocr-system' content='tesseract 3.04.00' />
  <meta name='ocr-capabilities' content='ocr_page ocr_carea ocr_par ocr_line ocrx_word'/>
</head>
<body>
  <div class='ocr_page' id='page_1' title='image "./delannaeiseneca00sandgoog_0025.png"; bbox 0 0 3554 5406; ppageno 0'>
   <div class='ocr_carea' id='block_1_1' title="bbox 320 541 1093 598">
    <p class='ocr_par' dir='ltr' id='par_1_1' title="bbox 320 541 1093 598">
     <span class='ocr_line' id='line_1_1' title="bbox 320 541 1093 598; baseline -0.003 -1"><span class='ocrx_word' id='word_1_1' title='bbox 320 543 357 597; x_wconf 83' lang='lat'>16</span> <span class='ocrx_word' id='word_1_2' title='bbox 812 541 841 598; x_wconf 80' lang='lat'>0.</span> <span class='ocrx_word' id='word_1_3' title='bbox 866 543 897 597; x_wconf 82' lang='lat' dir='ltr'>E.</span> <span class='ocrx_word' id='word_1_4' title='bbox 921 541 1093 597; x_wconf 79' lang='lat' dir='ltr'>Saudsirbm.</span> 
     </span>
    </p>
   </div>
   <div class='ocr_carea' id='block_1_2' title="bbox 317 710 1584 1198">
    <p class='ocr_par' dir='ltr' id='par_1_2' title="bbox 317 710 1584 1198">
     <span class='ocr_line' id='line_1_2' title="bbox 317 710 1583 793; baseline -0.002 -18"><span class='ocrx_word' id='word_1_5' title='bbox 317 711 530 793; x_wconf 89' lang='lat' dir='ltr'>respondebat,</span> <span class='ocrx_word' id='word_1_6' title='bbox 552 712 731 775; x_wconf 89' lang='lat' dir='ltr'>removisset</span> <span class='ocrx_word' id='word_1_7' title='bbox 752 732 869 776; x_wconf 91' lang='lat' dir='ltr'>omnem</span> <span class='ocrx_word' id='word_1_8' title='bbox 891 710 1091 776; x_wconf 88' lang='lat' dir='ltr'>humanitatis</span> <span class='ocrx_word' id='word_1_9' title='bbox 1112 717 1143 774; x_wconf 86' lang='lat' dir='ltr'>et</span> <span class='ocrx_word' id='word_1_10' title='bbox 1164 710 1373 773; x_wconf 72' lang='lat' dir='ltr'>misericordiae</span> <span class='ocrx_word' id='word_1_11' title='bbox 1395 712 1508 785; x_wconf 87' lang='lat' dir='ltr'>fucum,</span> <span class='ocrx_word' id='word_1_12' title='bbox 1526 730 1583 774; x_wconf 91' lang='lat' dir='ltr'>uu-</span> 
     </span>
     <span class='ocr_line' id='line_1_3' title="bbox 317 811 1581 895; baseline -0.004 -18"><span class='ocrx_word' id='word_1_13' title='bbox 317 815 386 877; x_wconf 91' lang='lat' dir='ltr'>dam</span> <span class='ocrx_word' id='word_1_14' title='bbox 420 821 451 876; x_wconf 91' lang='lat' dir='ltr'>et</span> <span class='ocrx_word' id='word_1_15' title='bbox 481 813 672 876; x_wconf 78' lang='lat' dir='ltr'>manifestam</span> <span class='ocrx_word' id='word_1_16' title='bbox 696 813 759 892; x_wconf 89' lang='lat' dir='ltr'>ejus</span> <span class='ocrx_word' id='word_1_17' title='bbox 789 814 994 895; x_wconf 77' lang='lat' dir='ltr'>proposuisset</span> <span class='ocrx_word' id='word_1_18' title='bbox 1016 811 1171 875; x_wconf 88' lang='lat' dir='ltr'>malitiam.</span> <span class='ocrx_word' id='word_1_19' title='bbox 1213 811 1302 875; x_wconf 88' lang='lat' dir='ltr'>Nunc</span> <span class='ocrx_word' id='word_1_20' title='bbox 1324 829 1362 873; x_wconf 88' lang='lat' dir='ltr'>ex</span> <span class='ocrx_word' id='word_1_21' title='bbox 1383 812 1500 874; x_wconf 90' lang='lat' dir='ltr'>duabus</span> <span class='ocrx_word' id='word_1_22' title='bbox 1521 811 1581 873; x_wconf 89' lang='lat' dir='ltr'>illis</span> 
     </span>
     <span class='ocr_line' id='line_1_4' title="bbox 319 911 1582 996; baseline -0.002 -20"><span class='ocrx_word' id='word_1_23' title='bbox 319 915 456 996; x_wconf 89' lang='lat' dir='ltr'>personis</span> <span class='ocrx_word' id='word_1_24' title='bbox 489 933 578 976; x_wconf 88' lang='lat' dir='ltr'>uuam</span> <span class='ocrx_word' id='word_1_25' title='bbox 612 915 747 977; x_wconf 88' lang='lat' dir='ltr'>confudit</span> <span class='ocrx_word' id='word_1_26' title='bbox 779 923 811 976; x_wconf 87' lang='lat' dir='ltr'>et</span> <span class='ocrx_word' id='word_1_27' title='bbox 843 915 997 988; x_wconf 84' lang='lat' dir='ltr'>conflavit,</span> <span class='ocrx_word' id='word_1_28' title='bbox 1028 914 1078 980; x_wconf 81' lang='lat' dir='ltr'>ita</span> <span class='ocrx_word' id='word_1_29' title='bbox 1099 920 1133 976; x_wconf 91' lang='lat' dir='ltr'>ut</span> <span class='ocrx_word' id='word_1_30' title='bbox 1155 912 1279 975; x_wconf 88' lang='lat' dir='ltr'>alterius</span> <span class='ocrx_word' id='word_1_31' title='bbox 1301 913 1384 975; x_wconf 88' lang='lat' dir='ltr'>dicta</span> <span class='ocrx_word' id='word_1_32' title='bbox 1405 933 1472 974; x_wconf 90' lang='lat' dir='ltr'>cum</span> <span class='ocrx_word' id='word_1_33' title='bbox 1495 911 1582 975; x_wconf 86' lang='lat' dir='ltr'>lactis</span> 
     </span>
     <span class='ocr_line' id='line_1_5' title="bbox 320 1013 1583 1095; baseline -0.002 -18"><span class='ocrx_word' id='word_1_34' title='bbox 320 1014 444 1078; x_wconf 87' lang='lat' dir='ltr'>alterius</span> <span class='ocrx_word' id='word_1_35' title='bbox 478 1014 682 1095; x_wconf 85' lang='lat' dir='ltr'>conjungeret.</span> <span class='ocrx_word' id='word_1_36' title='bbox 726 1013 796 1085; x_wconf 78' lang='lat' dir='ltr'>Qua</span> <span class='ocrx_word' id='word_1_37' title='bbox 827 1016 1013 1078; x_wconf 79' lang='lat' dir='ltr'>crudelitatis</span> <span class='ocrx_word' id='word_1_38' title='bbox 1035 1025 1066 1077; x_wconf 89' lang='lat' dir='ltr'>et</span> <span class='ocrx_word' id='word_1_39' title='bbox 1088 1013 1298 1076; x_wconf 86' lang='lat' dir='ltr'>misericordiae</span> <span class='ocrx_word' id='word_1_40' title='bbox 1321 1013 1488 1076; x_wconf 86' lang='lat' dir='ltr'>colluvione</span> <span class='ocrx_word' id='word_1_41' title='bbox 1510 1013 1583 1076; x_wconf 92' lang='lat' dir='ltr'>nihil</span> 
     </span>
     <span class='ocr_line' id='line_1_6' title="bbox 322 1114 1584 1198; baseline -0.002 -20"><span class='ocrx_word' id='word_1_42' title='bbox 322 1116 451 1193; x_wconf 85' lang='lat' dir='ltr'>taetrius,</span> <span class='ocrx_word' id='word_1_43' title='bbox 474 1115 548 1180; x_wconf 91' lang='lat' dir='ltr'>nihil</span> <span class='ocrx_word' id='word_1_44' title='bbox 571 1115 682 1178; x_wconf 82' lang='lat' dir='ltr'>foedius</span> <span class='ocrx_word' id='word_1_45' title='bbox 705 1116 867 1198; x_wconf 83' lang='lat' dir='ltr'>excogitari</span> <span class='ocrx_word' id='word_1_46' title='bbox 888 1126 1004 1198; x_wconf 91' lang='lat' dir='ltr'>potest:</span> <span class='ocrx_word' id='word_1_47' title='bbox 1028 1115 1110 1178; x_wconf 90' lang='lat' dir='ltr'>dicas</span> <span class='ocrx_word' id='word_1_48' title='bbox 1131 1123 1306 1178; x_wconf 89' lang='lat' dir='ltr'>veteranum</span> <span class='ocrx_word' id='word_1_49' title='bbox 1329 1123 1359 1176; x_wconf 86' lang='lat' dir='ltr'>te</span> <span class='ocrx_word' id='word_1_50' title='bbox 1376 1114 1505 1195; x_wconf 80' lang='lat' dir='ltr'>aliquem</span> <span class='ocrx_word' id='word_1_51' title='bbox 1519 1123 1584 1176; x_wconf 87' lang='lat' dir='ltr'>tor-</span> 
     </span>
    </p>
   </div>
   <div class='ocr_carea' id='block_1_3' title="bbox 317 1213 1768 1298">
    <p class='ocr_par' dir='ltr' id='par_1_3' title="bbox 317 1213 1768 1298">
     <span class='ocr_line' id='line_1_7' title="bbox 317 1213 1768 1298; baseline -0.003 -18"><span class='ocrx_word' id='word_1_52' title='bbox 317 1225 414 1280; x_wconf 87' lang='lat' dir='ltr'>torem</span> <span class='ocrx_word' id='word_1_53' title='bbox 437 1217 537 1279; x_wconf 86' lang='lat' dir='ltr'>videre</span> <span class='ocrx_word' id='word_1_54' title='bbox 557 1217 661 1280; x_wconf 89' lang='lat' dir='ltr'>eodem</span> <span class='ocrx_word' id='word_1_55' title='bbox 683 1224 817 1298; x_wconf 92' lang='lat' dir='ltr'>tempore</span> <span class='ocrx_word' id='word_1_56' title='bbox 848 1218 986 1298; x_wconf 85' lang='lat' dir='ltr'>gnaviter</span> <span class='ocrx_word' id='word_1_57' title='bbox 1007 1237 1081 1280; x_wconf 88' lang='lat' dir='ltr'>saue</span> <span class='ocrx_word' id='word_1_58' title='bbox 1104 1235 1140 1279; x_wconf 90' lang='lat' dir='ltr'>ac</span> <span class='ocrx_word' id='word_1_59' title='bbox 1162 1215 1257 1296; x_wconf 88' lang='lat' dir='ltr'>perite</span> <span class='ocrx_word' id='word_1_60' title='bbox 1278 1214 1309 1276; x_wconf 92' lang='lat' dir='ltr'>in</span> <span class='ocrx_word' id='word_1_61' title='bbox 1332 1213 1499 1277; x_wconf 89' lang='lat' dir='ltr'>ministerio</span> <span class='ocrx_word' id='word_1_62' title='bbox 1515 1234 1584 1276; x_wconf 88' lang='lat' dir='ltr'>ver·</span> <span class='ocrx_word' id='word_1_63' title='bbox 1644 1259 1649 1268; x_wconf 87' lang='lat'><strong><em>.</em></strong></span> <span class='ocrx_word' id='word_1_64' title='bbox 1767 1219 1768 1226; x_wconf 75' lang='grc'>’</span> 
     </span>
    </p>
   </div>
   <div class='ocr_carea' id='block_1_4' title="bbox 314 1315 1585 4838">
    <p class='ocr_par' dir='ltr' id='par_1_4' title="bbox 314 1315 1585 4210">
     <span class='ocr_line' id='line_1_8' title="bbox 316 1315 1584 1382; baseline -0.002 -2"><span class='ocrx_word' id='word_1_65' title='bbox 316 1325 432 1381; x_wconf 86' lang='lat' dir='ltr'>sautem</span> <span class='ocrx_word' id='word_1_66' title='bbox 455 1326 486 1381; x_wconf 87' lang='lat' dir='ltr'>et</span> <span class='ocrx_word' id='word_1_67' title='bbox 507 1318 593 1380; x_wconf 90' lang='lat' dir='ltr'>simul</span> <span class='ocrx_word' id='word_1_68' title='bbox 616 1317 749 1381; x_wconf 77' lang='lat' dir='ltr'>mollitiae</span> <span class='ocrx_word' id='word_1_69' title='bbox 770 1318 948 1381; x_wconf 85' lang='lat' dir='ltr'>simulaudae</span> <span class='ocrx_word' id='word_1_70' title='bbox 972 1337 1066 1382; x_wconf 89' lang='lat' dir='ltr'>eausa</span> <span class='ocrx_word' id='word_1_71' title='bbox 1087 1337 1120 1379; x_wconf 89' lang='lat' dir='ltr'>os</span> <span class='ocrx_word' id='word_1_72' title='bbox 1142 1317 1299 1379; x_wconf 87' lang='lat' dir='ltr'>ducentem</span> <span class='ocrx_word' id='word_1_73' title='bbox 1320 1315 1461 1379; x_wconf 85' lang='lat' dir='ltr'>flebiliter</span> <span class='ocrx_word' id='word_1_74' title='bbox 1481 1323 1512 1379; x_wconf 90' lang='lat' dir='ltr'>et</span> <span class='ocrx_word' id='word_1_75' title='bbox 1526 1315 1584 1378; x_wconf 86' lang='lat' dir='ltr'>lal-</span> 
     </span>
     <span class='ocr_line' id='line_1_9' title="bbox 321 1416 1584 1502; baseline -0.001 -21"><span class='ocrx_word' id='word_1_76' title='bbox 321 1439 371 1482; x_wconf 88' lang='lat' dir='ltr'>sas</span> <span class='ocrx_word' id='word_1_77' title='bbox 403 1419 520 1502; x_wconf 88' lang='lat' dir='ltr'>aliquas</span> <span class='ocrx_word' id='word_1_78' title='bbox 554 1419 725 1482; x_wconf 88' lang='lat' dir='ltr'>lacrimulas</span> <span class='ocrx_word' id='word_1_79' title='bbox 752 1419 977 1500; x_wconf 84' lang='lat' dir='ltr'>exprimentem.</span> <span class='ocrx_word' id='word_1_80' title='bbox 1019 1419 1184 1501; x_wconf 88' lang='lat' dir='ltr'>Loquimur</span> <span class='ocrx_word' id='word_1_81' title='bbox 1205 1417 1242 1479; x_wconf 91' lang='lat' dir='ltr'>de</span> <span class='ocrx_word' id='word_1_82' title='bbox 1263 1416 1470 1482; x_wconf 83' lang='lat' dir='ltr'>humanitate:</span> <span class='ocrx_word' id='word_1_83' title='bbox 1492 1416 1584 1498; x_wconf 88' lang='lat' dir='ltr'>quid?</span> 
     </span>
     <span class='ocr_line' id='line_1_10' title="bbox 317 1517 1585 1602; baseline -0.002 -19"><span class='ocrx_word' id='word_1_84' title='bbox 317 1519 498 1601; x_wconf 89' lang='lat' dir='ltr'>sapientiam</span> <span class='ocrx_word' id='word_1_85' title='bbox 523 1521 587 1600; x_wconf 82' lang='lat' dir='ltr'>ejus</span> <span class='ocrx_word' id='word_1_86' title='bbox 610 1539 680 1582; x_wconf 89' lang='lat' dir='ltr'>num</span> <span class='ocrx_word' id='word_1_87' title='bbox 703 1539 756 1602; x_wconf 88' lang='lat' dir='ltr'>pro</span> <span class='ocrx_word' id='word_1_88' title='bbox 778 1520 930 1584; x_wconf 90' lang='lat' dir='ltr'>celebrata</span> <span class='ocrx_word' id='word_1_89' title='bbox 950 1519 1005 1582; x_wconf 90' lang='lat' dir='ltr'>illa</span> <span class='ocrx_word' id='word_1_90' title='bbox 1026 1521 1199 1584; x_wconf 84' lang='lat' dir='ltr'>Graecorum</span> <span class='ocrx_word' id='word_1_91' title='bbox 1222 1517 1333 1580; x_wconf 82' lang='lat' dir='ltr'>fabulis</span> <span class='ocrx_word' id='word_1_92' title='bbox 1348 1517 1516 1581; x_wconf 87' lang='lat' dir='ltr'>ealliditate</span> <span class='ocrx_word' id='word_1_93' title='bbox 1532 1537 1585 1581; x_wconf 90' lang='lat' dir='ltr'>sa-</span> 
     </span>
     <span class='ocr_line' id='line_1_11' title="bbox 320 1617 1585 1702; baseline -0.002 -19"><span class='ocrx_word' id='word_1_94' title='bbox 320 1621 360 1683; x_wconf 90' lang='lat' dir='ltr'>tis</span> <span class='ocrx_word' id='word_1_95' title='bbox 394 1621 482 1701; x_wconf 84' lang='lat' dir='ltr'>digna</span> <span class='ocrx_word' id='word_1_96' title='bbox 515 1629 654 1702; x_wconf 88' lang='lat' dir='ltr'>putamus</span> <span class='ocrx_word' id='word_1_97' title='bbox 682 1621 878 1701; x_wconf 85' lang='lat' dir='ltr'>expressam?</span> <span class='ocrx_word' id='word_1_98' title='bbox 919 1621 1031 1684; x_wconf 89' lang='lat' dir='ltr'>Nescio</span> <span class='ocrx_word' id='word_1_99' title='bbox 1056 1620 1127 1702; x_wconf 92' lang='lat' dir='ltr'>quid</span> <span class='ocrx_word' id='word_1_100' title='bbox 1149 1617 1233 1682; x_wconf 90' lang='lat' dir='ltr'>aliis:</span> <span class='ocrx_word' id='word_1_101' title='bbox 1256 1618 1329 1681; x_wconf 92' lang='lat' dir='ltr'>mihi</span> <span class='ocrx_word' id='word_1_102' title='bbox 1351 1619 1469 1700; x_wconf 91' lang='lat' dir='ltr'>quidem</span> <span class='ocrx_word' id='word_1_103' title='bbox 1491 1638 1585 1699; x_wconf 89' lang='lat' dir='ltr'>neque</span> 
     </span>
     <span class='ocr_line' id='line_1_12' title="bbox 322 1719 1585 1803; baseline -0.002 -18"><span class='ocrx_word' id='word_1_104' title='bbox 322 1721 410 1788; x_wconf 89' lang='lat' dir='ltr'>nimis</span> <span class='ocrx_word' id='word_1_105' title='bbox 432 1730 539 1785; x_wconf 84' lang='lat' dir='ltr'>acutos</span> <span class='ocrx_word' id='word_1_106' title='bbox 560 1721 689 1797; x_wconf 88' lang='lat' dir='ltr'>videtur,</span> <span class='ocrx_word' id='word_1_107' title='bbox 712 1722 761 1803; x_wconf 94' lang='lat' dir='ltr'>qui</span> <span class='ocrx_word' id='word_1_108' title='bbox 783 1722 827 1785; x_wconf 90' lang='lat' dir='ltr'>ita</span> <span class='ocrx_word' id='word_1_109' title='bbox 848 1723 1004 1785; x_wconf 88' lang='lat' dir='ltr'>mentienti</span> <span class='ocrx_word' id='word_1_110' title='bbox 1026 1721 1127 1796; x_wconf 85' lang='lat' dir='ltr'>matri,</span> <span class='ocrx_word' id='word_1_111' title='bbox 1149 1728 1184 1783; x_wconf 91' lang='lat' dir='ltr'>ut</span> <span class='ocrx_word' id='word_1_112' title='bbox 1204 1719 1419 1783; x_wconf 84' lang='lat' dir='ltr'>Andromacha</span> <span class='ocrx_word' id='word_1_113' title='bbox 1430 1721 1585 1794; x_wconf 88' lang='lat' dir='ltr'>mentitur,</span> 
     </span>
     <span class='ocr_line' id='line_1_13' title="bbox 319 1820 1584 1906; baseline -0.002 -22"><span class='ocrx_word' id='word_1_114' title='bbox 319 1832 437 1885; x_wconf 89' lang='lat' dir='ltr'>tantum</span> <span class='ocrx_word' id='word_1_115' title='bbox 470 1841 529 1885; x_wconf 91' lang='lat' dir='ltr'>uon</span> <span class='ocrx_word' id='word_1_116' title='bbox 552 1822 639 1884; x_wconf 89' lang='lat' dir='ltr'>fidem</span> <span class='ocrx_word' id='word_1_117' title='bbox 663 1821 810 1897; x_wconf 76' lang='lat' dir='ltr'>habuerit,</span> <span class='ocrx_word' id='word_1_118' title='bbox 831 1832 861 1886; x_wconf 91' lang='lat' dir='ltr'>et</span> <span class='ocrx_word' id='word_1_119' title='bbox 883 1824 934 1906; x_wconf 91' lang='lat' dir='ltr'>qui</span> <span class='ocrx_word' id='word_1_120' title='bbox 956 1823 1082 1897; x_wconf 86' lang='lat' dir='ltr'>mulieri,</span> <span class='ocrx_word' id='word_1_121' title='bbox 1105 1830 1141 1884; x_wconf 87' lang='lat' dir='ltr'>ut</span> <span class='ocrx_word' id='word_1_122' title='bbox 1162 1841 1220 1883; x_wconf 87' lang='lat' dir='ltr'>sua</span> <span class='ocrx_word' id='word_1_123' title='bbox 1242 1829 1349 1902; x_wconf 88' lang='lat' dir='ltr'>sponte</span> <span class='ocrx_word' id='word_1_124' title='bbox 1370 1821 1464 1883; x_wconf 90' lang='lat' dir='ltr'>lilium</span> <span class='ocrx_word' id='word_1_125' title='bbox 1487 1820 1584 1884; x_wconf 89' lang='lat' dir='ltr'>hosti-</span> 
     </span>
     <span class='ocr_line' id='line_1_14' title="bbox 324 1921 1583 2006; baseline -0.002 -20"><span class='ocrx_word' id='word_1_126' title='bbox 324 1924 380 1986; x_wconf 85' lang='lat' dir='ltr'>bus</span> <span class='ocrx_word' id='word_1_127' title='bbox 413 1923 514 1997; x_wconf 87' lang='lat' dir='ltr'>dedat,</span> <span class='ocrx_word' id='word_1_128' title='bbox 548 1923 702 2005; x_wconf 78' lang='lat' dir='ltr'>aequitatis</span> <span class='ocrx_word' id='word_1_129' title='bbox 725 1924 875 1987; x_wconf 88' lang='lat' dir='ltr'>mentione</span> <span class='ocrx_word' id='word_1_130' title='bbox 898 1925 1075 2006; x_wconf 88' lang='lat' dir='ltr'>persuadere</span> <span class='ocrx_word' id='word_1_131' title='bbox 1097 1943 1129 1986; x_wconf 88' lang='lat' dir='ltr'>se</span> <span class='ocrx_word' id='word_1_132' title='bbox 1150 1941 1239 2004; x_wconf 92' lang='lat' dir='ltr'>posse</span> <span class='ocrx_word' id='word_1_133' title='bbox 1261 1921 1438 2003; x_wconf 84' lang='lat' dir='ltr'>speraverit,</span> <span class='ocrx_word' id='word_1_134' title='bbox 1460 1940 1583 2003; x_wconf 88' lang='lat' dir='ltr'>prorsus</span> 
     </span>
     <span class='ocr_line' id='line_1_15' title="bbox 319 2022 1584 2089; baseline -0.002 -3"><span class='ocrx_word' id='word_1_135' title='bbox 319 2025 440 2088; x_wconf 82' lang='lat' dir='ltr'>videtur</span> <span class='ocrx_word' id='word_1_136' title='bbox 461 2023 611 2088; x_wconf 87' lang='lat' dir='ltr'>ridiculus.</span> <span class='ocrx_word' id='word_1_137' title='bbox 654 2023 716 2086; x_wconf 88' lang='lat' dir='ltr'>Sed</span> <span class='ocrx_word' id='word_1_138' title='bbox 737 2025 774 2088; x_wconf 92' lang='lat' dir='ltr'>de</span> <span class='ocrx_word' id='word_1_139' title='bbox 796 2025 886 2089; x_wconf 83' lang='lat' dir='ltr'>Ulixe</span> <span class='ocrx_word' id='word_1_140' title='bbox 908 2025 1070 2088; x_wconf 87' lang='lat' dir='ltr'>hacteuus:</span> <span class='ocrx_word' id='word_1_141' title='bbox 1103 2023 1133 2086; x_wconf 90' lang='lat' dir='ltr'>in</span> <span class='ocrx_word' id='word_1_142' title='bbox 1156 2023 1372 2086; x_wconf 83' lang='lat' dir='ltr'>Andromacha</span> <span class='ocrx_word' id='word_1_143' title='bbox 1393 2022 1506 2085; x_wconf 83' lang='lat' dir='ltr'>felicius</span> <span class='ocrx_word' id='word_1_144' title='bbox 1520 2022 1584 2085; x_wconf 88' lang='lat' dir='ltr'>ela-</span> 
     </span>
     <span class='ocr_line' id='line_1_16' title="bbox 320 2123 1582 2208; baseline 0 -22"><span class='ocrx_word' id='word_1_145' title='bbox 320 2125 449 2188; x_wconf 86' lang='lat' dir='ltr'>boravit.</span> <span class='ocrx_word' id='word_1_146' title='bbox 492 2126 626 2206; x_wconf 84' lang='lat' dir='ltr'>Benigua</span> <span class='ocrx_word' id='word_1_147' title='bbox 650 2125 727 2188; x_wconf 89' lang='lat' dir='ltr'>enim</span> <span class='ocrx_word' id='word_1_148' title='bbox 754 2136 819 2190; x_wconf 89' lang='lat' dir='ltr'>erat</span> <span class='ocrx_word' id='word_1_149' title='bbox 840 2127 971 2189; x_wconf 89' lang='lat' dir='ltr'>materia</span> <span class='ocrx_word' id='word_1_150' title='bbox 992 2135 1022 2189; x_wconf 91' lang='lat' dir='ltr'>et</span> <span class='ocrx_word' id='word_1_151' title='bbox 1043 2145 1108 2208; x_wconf 83' lang='lat' dir='ltr'>quae</span> <span class='ocrx_word' id='word_1_152' title='bbox 1129 2125 1247 2186; x_wconf 89' lang='lat' dir='ltr'>deflecti</span> <span class='ocrx_word' id='word_1_153' title='bbox 1269 2124 1309 2186; x_wconf 92' lang='lat' dir='ltr'>ad</span> <span class='ocrx_word' id='word_1_154' title='bbox 1331 2123 1502 2205; x_wconf 87' lang='lat' dir='ltr'>prodigiosa</span> <span class='ocrx_word' id='word_1_155' title='bbox 1523 2142 1582 2186; x_wconf 90' lang='lat' dir='ltr'>non</span> 
     </span>
     <span class='ocr_line' id='line_1_17' title="bbox 321 2225 1585 2308; baseline -0.002 -20"><span class='ocrx_word' id='word_1_156' title='bbox 321 2245 404 2308; x_wconf 84' lang='lat' dir='ltr'>reque</span> <span class='ocrx_word' id='word_1_157' title='bbox 426 2227 512 2290; x_wconf 86' lang='lat' dir='ltr'>iaeile</span> <span class='ocrx_word' id='word_1_158' title='bbox 534 2235 645 2308; x_wconf 89' lang='lat' dir='ltr'>posset.</span> <span class='ocrx_word' id='word_1_159' title='bbox 688 2225 877 2308; x_wconf 78' lang='lat' dir='ltr'>Quamquam</span> <span class='ocrx_word' id='word_1_160' title='bbox 900 2227 931 2292; x_wconf 89' lang='lat' dir='ltr'>iu</span> <span class='ocrx_word' id='word_1_161' title='bbox 954 2227 1013 2290; x_wconf 90' lang='lat' dir='ltr'>bac</span> <span class='ocrx_word' id='word_1_162' title='bbox 1034 2227 1102 2307; x_wconf 89' lang='lat' dir='ltr'>ipsa</span> <span class='ocrx_word' id='word_1_163' title='bbox 1124 2245 1220 2308; x_wconf 90' lang='lat' dir='ltr'>neque</span> <span class='ocrx_word' id='word_1_164' title='bbox 1243 2244 1332 2307; x_wconf 90' lang='lat' dir='ltr'>quom</span> <span class='ocrx_word' id='word_1_165' title='bbox 1355 2226 1516 2288; x_wconf 87' lang='lat' dir='ltr'>Hectorem</span> <span class='ocrx_word' id='word_1_166' title='bbox 1535 2233 1585 2286; x_wconf 90' lang='lat' dir='ltr'>te-</span> 
     </span>
     <span class='ocr_line' id='line_1_18' title="bbox 319 2325 1585 2409; baseline -0.002 -19"><span class='ocrx_word' id='word_1_167' title='bbox 319 2335 418 2390; x_wconf 85' lang='lat' dir='ltr'>statur</span> <span class='ocrx_word' id='word_1_168' title='bbox 439 2328 513 2390; x_wconf 89' lang='lat' dir='ltr'>nihil</span> <span class='ocrx_word' id='word_1_169' title='bbox 534 2327 592 2390; x_wconf 90' lang='lat' dir='ltr'>sibi</span> <span class='ocrx_word' id='word_1_170' title='bbox 611 2327 642 2390; x_wconf 94' lang='lat' dir='ltr'>in</span> <span class='ocrx_word' id='word_1_171' title='bbox 664 2327 725 2391; x_wconf 83' lang='lat' dir='ltr'>filio</span> <span class='ocrx_word' id='word_1_172' title='bbox 747 2327 804 2390; x_wconf 91' lang='lat' dir='ltr'>nisi</span> <span class='ocrx_word' id='word_1_173' title='bbox 825 2329 908 2390; x_wconf 92' lang='lat' dir='ltr'>illum</span> <span class='ocrx_word' id='word_1_174' title='bbox 931 2328 1062 2409; x_wconf 85' lang='lat' dir='ltr'>plaeere,</span> <span class='ocrx_word' id='word_1_175' title='bbox 1083 2327 1159 2390; x_wconf 88' lang='lat' dir='ltr'>satis</span> <span class='ocrx_word' id='word_1_176' title='bbox 1180 2334 1305 2389; x_wconf 89' lang='lat' dir='ltr'>servata</span> <span class='ocrx_word' id='word_1_177' title='bbox 1326 2325 1439 2389; x_wconf 88' lang='lat' dir='ltr'>veritas</span> <span class='ocrx_word' id='word_1_178' title='bbox 1466 2325 1585 2389; x_wconf 84' lang='lat' dir='ltr'>videtur</span> 
     </span>
     <span class='ocr_line' id='line_1_19' title="bbox 320 2425 1585 2512; baseline -0.003 -20"><span class='ocrx_word' id='word_1_179' title='bbox 320 2463 360 2476; x_wconf 94' lang='lat'>-·-</span> <span class='ocrx_word' id='word_1_180' title='bbox 382 2437 463 2492; x_wconf 91' lang='lat' dir='ltr'>certe</span> <span class='ocrx_word' id='word_1_181' title='bbox 496 2428 575 2490; x_wconf 88' lang='lat' dir='ltr'>enim</span> <span class='ocrx_word' id='word_1_182' title='bbox 608 2428 656 2491; x_wconf 86' lang='lat' dir='ltr'>has</span> <span class='ocrx_word' id='word_1_183' title='bbox 688 2429 871 2511; x_wconf 70' lang='lat' dir='ltr'>quotidiana</span> <span class='ocrx_word' id='word_1_184' title='bbox 900 2439 1022 2505; x_wconf 86' lang='lat' dir='ltr'>matres,</span> <span class='ocrx_word' id='word_1_185' title='bbox 1044 2447 1169 2512; x_wconf 88' lang='lat' dir='ltr'>quarum</span> <span class='ocrx_word' id='word_1_186' title='bbox 1192 2447 1231 2489; x_wconf 85' lang='lat' dir='ltr'>ex</span> <span class='ocrx_word' id='word_1_187' title='bbox 1251 2445 1375 2490; x_wconf 88' lang='lat' dir='ltr'>numero</span> <span class='ocrx_word' id='word_1_188' title='bbox 1396 2427 1449 2490; x_wconf 95' lang='lat' dir='ltr'>illa</span> <span class='ocrx_word' id='word_1_189' title='bbox 1469 2425 1585 2489; x_wconf 88' lang='lat' dir='ltr'>scilicet</span> 
     </span>
     <span class='ocr_line' id='line_1_20' title="bbox 320 2528 1580 2613; baseline -0.003 -20"><span class='ocrx_word' id='word_1_190' title='bbox 320 2538 388 2593; x_wconf 88' lang='lat' dir='ltr'>erat</span> <span class='ocrx_word' id='word_1_191' title='bbox 408 2529 577 2604; x_wconf 84' lang='lat' dir='ltr'>eximenda,</span> <span class='ocrx_word' id='word_1_192' title='bbox 599 2529 709 2592; x_wconf 88' lang='lat' dir='ltr'>liberos</span> <span class='ocrx_word' id='word_1_193' title='bbox 730 2549 801 2593; x_wconf 88' lang='lat' dir='ltr'>suos</span> <span class='ocrx_word' id='word_1_194' title='bbox 823 2530 916 2593; x_wconf 90' lang='lat' dir='ltr'>multo</span> <span class='ocrx_word' id='word_1_195' title='bbox 938 2531 1100 2613; x_wconf 89' lang='lat' dir='ltr'>simplicius</span> <span class='ocrx_word' id='word_1_196' title='bbox 1122 2539 1240 2592; x_wconf 90' lang='lat' dir='ltr'>amant:</span> <span class='ocrx_word' id='word_1_197' title='bbox 1262 2528 1478 2603; x_wconf 72' lang='lat' dir='ltr'>amanteum,</span> <span class='ocrx_word' id='word_1_198' title='bbox 1501 2528 1580 2609; x_wconf 90' lang='lat' dir='ltr'>qood</span> 
     </span>
     <span class='ocr_line' id='line_1_21' title="bbox 320 2631 1581 2714; baseline -0.002 -22"><span class='ocrx_word' id='word_1_199' title='bbox 320 2641 508 2712; x_wconf 89' lang='lat' dir='ltr'>peperemut,</span> <span class='ocrx_word' id='word_1_200' title='bbox 531 2631 609 2712; x_wconf 93' lang='lat' dir='ltr'>quod</span> <span class='ocrx_word' id='word_1_201' title='bbox 641 2631 819 2706; x_wconf 87' lang='lat' dir='ltr'>eduxerunt,</span> <span class='ocrx_word' id='word_1_202' title='bbox 850 2631 978 2714; x_wconf 90' lang='lat' dir='ltr'>denique</span> <span class='ocrx_word' id='word_1_203' title='bbox 1006 2631 1083 2714; x_wconf 89' lang='lat' dir='ltr'>quod</span> <span class='ocrx_word' id='word_1_204' title='bbox 1105 2650 1163 2692; x_wconf 93' lang='lat' dir='ltr'>uon</span> <span class='ocrx_word' id='word_1_205' title='bbox 1186 2648 1288 2692; x_wconf 89' lang='lat' dir='ltr'>amare</span> <span class='ocrx_word' id='word_1_206' title='bbox 1311 2648 1369 2691; x_wconf 94' lang='lat' dir='ltr'>nou</span> <span class='ocrx_word' id='word_1_207' title='bbox 1391 2637 1518 2710; x_wconf 92' lang='lat' dir='ltr'>possunt</span> <span class='ocrx_word' id='word_1_208' title='bbox 1539 2663 1581 2675; x_wconf 92' lang='lat'><em>-</em></span> 
     </span>
     <span class='ocr_line' id='line_1_22' title="bbox 321 2731 1581 2815; baseline -0.002 -20"><span class='ocrx_word' id='word_1_209' title='bbox 321 2738 354 2795; x_wconf 89' lang='lat' dir='ltr'>et</span> <span class='ocrx_word' id='word_1_210' title='bbox 383 2732 414 2795; x_wconf 92' lang='lat' dir='ltr'>iu</span> <span class='ocrx_word' id='word_1_211' title='bbox 437 2731 641 2813; x_wconf 86' lang='lat' dir='ltr'>deploratione</span> <span class='ocrx_word' id='word_1_212' title='bbox 662 2732 715 2794; x_wconf 88' lang='lat' dir='ltr'>illa</span> <span class='ocrx_word' id='word_1_213' title='bbox 737 2751 884 2815; x_wconf 87' lang='lat' dir='ltr'>suprema,</span> <span class='ocrx_word' id='word_1_214' title='bbox 907 2733 1026 2796; x_wconf 88' lang='lat' dir='ltr'>tametsi</span> <span class='ocrx_word' id='word_1_215' title='bbox 1047 2752 1083 2795; x_wconf 90' lang='lat' dir='ltr'>ea</span> <span class='ocrx_word' id='word_1_216' title='bbox 1105 2731 1223 2813; x_wconf 87' lang='lat' dir='ltr'>quidem</span> <span class='ocrx_word' id='word_1_217' title='bbox 1246 2731 1320 2811; x_wconf 90' lang='lat' dir='ltr'>ejus,</span> <span class='ocrx_word' id='word_1_218' title='bbox 1342 2750 1407 2812; x_wconf 88' lang='lat' dir='ltr'>quae</span> <span class='ocrx_word' id='word_1_219' title='bbox 1430 2749 1523 2810; x_wconf 88' lang='lat' dir='ltr'>supra</span> <span class='ocrx_word' id='word_1_220' title='bbox 1544 2749 1581 2792; x_wconf 88' lang='lat' dir='ltr'>a·</span> 
     </span>
     <span class='ocr_line' id='line_1_23' title="bbox 322 2831 1582 2914; baseline 0 -20"><span class='ocrx_word' id='word_1_221' title='bbox 322 2832 504 2914; x_wconf 79' lang='lat' dir='ltr'>scripsimus,</span> <span class='ocrx_word' id='word_1_222' title='bbox 538 2833 615 2895; x_wconf 86' lang='lat' dir='ltr'>satis</span> <span class='ocrx_word' id='word_1_223' title='bbox 647 2832 762 2896; x_wconf 85' lang='lat' dir='ltr'>habeut</span> <span class='ocrx_word' id='word_1_224' title='bbox 794 2834 914 2908; x_wconf 87' lang='lat' dir='ltr'>doloris,</span> <span class='ocrx_word' id='word_1_225' title='bbox 946 2842 1046 2896; x_wconf 88' lang='lat' dir='ltr'>tamen</span> <span class='ocrx_word' id='word_1_226' title='bbox 1070 2832 1137 2896; x_wconf 91' lang='lat' dir='ltr'>aliis</span> <span class='ocrx_word' id='word_1_227' title='bbox 1170 2831 1242 2894; x_wconf 86' lang='lat' dir='ltr'>loeis</span> <span class='ocrx_word' id='word_1_228' title='bbox 1274 2851 1333 2894; x_wconf 91' lang='lat' dir='ltr'>nou</span> <span class='ocrx_word' id='word_1_229' title='bbox 1354 2831 1427 2893; x_wconf 88' lang='lat' dir='ltr'>item</span> <span class='ocrx_word' id='word_1_230' title='bbox 1449 2831 1582 2894; x_wconf 85' lang='lat' dir='ltr'>maeroris</span> 
     </span>
     <span class='ocr_line' id='line_1_24' title="bbox 321 2932 1581 3016; baseline -0.001 -20"><span class='ocrx_word' id='word_1_231' title='bbox 321 2932 495 3014; x_wconf 81' lang='lat' dir='ltr'>magnitudo</span> <span class='ocrx_word' id='word_1_232' title='bbox 528 2934 626 2997; x_wconf 85' lang='lat' dir='ltr'>verbis</span> <span class='ocrx_word' id='word_1_233' title='bbox 661 2943 805 3016; x_wconf 88' lang='lat' dir='ltr'>aequatur.</span> <span class='ocrx_word' id='word_1_234' title='bbox 848 2934 1042 3016; x_wconf 81' lang='lat' dir='ltr'>Quapropter</span> <span class='ocrx_word' id='word_1_235' title='bbox 1076 2933 1220 2996; x_wconf 38' lang='lat' dir='ltr'>sirtotnm</span> <span class='ocrx_word' id='word_1_236' title='bbox 1242 2932 1323 2994; x_wconf 92' lang='lat' dir='ltr'>huuc</span> <span class='ocrx_word' id='word_1_237' title='bbox 1345 2932 1440 2995; x_wconf 89' lang='lat' dir='ltr'>locum</span> <span class='ocrx_word' id='word_1_238' title='bbox 1463 2953 1482 2994; x_wconf 88' lang='lat' dir='ltr'>a</span> <span class='ocrx_word' id='word_1_239' title='bbox 1503 2952 1581 3013; x_wconf 84' lang='lat' dir='ltr'>prae-</span> 
     </span>
     <span class='ocr_line' id='line_1_25' title="bbox 321 3033 1582 3116; baseline -0.002 -18"><span class='ocrx_word' id='word_1_240' title='bbox 321 3033 510 3098; x_wconf 87' lang='lat' dir='ltr'>stantissimo</span> <span class='ocrx_word' id='word_1_241' title='bbox 541 3035 704 3116; x_wconf 85' lang='lat' dir='ltr'>tragoediae</span> <span class='ocrx_word' id='word_1_242' title='bbox 725 3055 832 3116; x_wconf 84' lang='lat' dir='ltr'>genere</span> <span class='ocrx_word' id='word_1_243' title='bbox 857 3036 984 3099; x_wconf 90' lang='lat' dir='ltr'>multum</span> <span class='ocrx_word' id='word_1_244' title='bbox 1006 3036 1110 3098; x_wconf 88' lang='lat' dir='ltr'>abesse</span> <span class='ocrx_word' id='word_1_245' title='bbox 1131 3033 1414 3108; x_wconf 86' lang='lat' dir='ltr'>demonstravimus,</span> <span class='ocrx_word' id='word_1_246' title='bbox 1435 3033 1463 3096; x_wconf 92' lang='lat' dir='ltr'>si</span> <span class='ocrx_word' id='word_1_247' title='bbox 1485 3033 1582 3096; x_wconf 87' lang='lat' dir='ltr'>multa</span> 
     </span>
     <span class='ocr_line' id='line_1_26' title="bbox 322 3134 1583 3218; baseline -0.002 -19"><span class='ocrx_word' id='word_1_248' title='bbox 322 3135 353 3199; x_wconf 92' lang='lat' dir='ltr'>iu</span> <span class='ocrx_word' id='word_1_249' title='bbox 385 3135 551 3217; x_wconf 79' lang='lat' dir='ltr'>argumenti</span> <span class='ocrx_word' id='word_1_250' title='bbox 583 3136 749 3200; x_wconf 87' lang='lat' dir='ltr'>rationibus</span> <span class='ocrx_word' id='word_1_251' title='bbox 777 3137 917 3212; x_wconf 89' lang='lat' dir='ltr'>absurde,</span> <span class='ocrx_word' id='word_1_252' title='bbox 938 3137 1033 3200; x_wconf 87' lang='lat' dir='ltr'>multa</span> <span class='ocrx_word' id='word_1_253' title='bbox 1053 3136 1084 3199; x_wconf 89' lang='lat' dir='ltr'>in</span> <span class='ocrx_word' id='word_1_254' title='bbox 1107 3153 1300 3218; x_wconf 88' lang='lat' dir='ltr'>personarum</span> <span class='ocrx_word' id='word_1_255' title='bbox 1322 3134 1455 3198; x_wconf 90' lang='lat' dir='ltr'>moribus</span> <span class='ocrx_word' id='word_1_256' title='bbox 1474 3135 1583 3198; x_wconf 87' lang='lat' dir='ltr'>incon·</span> 
     </span>
     <span class='ocr_line' id='line_1_27' title="bbox 320 3235 1582 3319; baseline -0.002 -19"><span class='ocrx_word' id='word_1_257' title='bbox 320 3245 440 3300; x_wconf 88' lang='lat' dir='ltr'>stanter</span> <span class='ocrx_word' id='word_1_258' title='bbox 471 3237 571 3300; x_wconf 85' lang='lat' dir='ltr'>efficta</span> <span class='ocrx_word' id='word_1_259' title='bbox 603 3237 860 3319; x_wconf 83' lang='lat' dir='ltr'>deprehendimus,</span> <span class='ocrx_word' id='word_1_260' title='bbox 891 3238 1093 3301; x_wconf 86' lang='lat' dir='ltr'>sustineamus</span> <span class='ocrx_word' id='word_1_261' title='bbox 1126 3237 1191 3300; x_wconf 84' lang='lat' dir='ltr'>haeo</span> <span class='ocrx_word' id='word_1_262' title='bbox 1221 3235 1266 3298; x_wconf 88' lang='lat' dir='ltr'>ita</span> <span class='ocrx_word' id='word_1_263' title='bbox 1288 3236 1419 3310; x_wconf 86' lang='lat' dir='ltr'>laudare,</span> <span class='ocrx_word' id='word_1_264' title='bbox 1443 3235 1582 3298; x_wconf 86' lang='lat' dir='ltr'>utnulla</span> 
     </span>
     <span class='ocr_line' id='line_1_28' title="bbox 323 3336 1582 3421; baseline -0.002 -20"><span class='ocrx_word' id='word_1_265' title='bbox 323 3337 533 3402; x_wconf 84' lang='lat' dir='ltr'>admirationis</span> <span class='ocrx_word' id='word_1_266' title='bbox 565 3346 720 3421; x_wconf 88' lang='lat' dir='ltr'>tamquam</span> <span class='ocrx_word' id='word_1_267' title='bbox 752 3339 882 3420; x_wconf 88' lang='lat' dir='ltr'>procella</span> <span class='ocrx_word' id='word_1_268' title='bbox 913 3348 966 3402; x_wconf 90' lang='lat' dir='ltr'>aut</span> <span class='ocrx_word' id='word_1_269' title='bbox 990 3348 1066 3402; x_wconf 88' lang='lat' dir='ltr'>aestu</span> <span class='ocrx_word' id='word_1_270' title='bbox 1088 3337 1203 3420; x_wconf 86' lang='lat' dir='ltr'>longius</span> <span class='ocrx_word' id='word_1_271' title='bbox 1226 3357 1245 3398; x_wconf 90' lang='lat' dir='ltr'>a</span> <span class='ocrx_word' id='word_1_272' title='bbox 1266 3337 1394 3402; x_wconf 84' lang='lat' dir='ltr'>veritate</span> <span class='ocrx_word' id='word_1_273' title='bbox 1415 3336 1582 3418; x_wconf 87' lang='lat' dir='ltr'>rapiamur:</span> 
     </span>
     <span class='ocr_line' id='line_1_29' title="bbox 321 3437 1583 3522; baseline -0.002 -20"><span class='ocrx_word' id='word_1_274' title='bbox 321 3439 492 3522; x_wconf 83' lang='lat' dir='ltr'>probemus,</span> <span class='ocrx_word' id='word_1_275' title='bbox 513 3459 571 3502; x_wconf 90' lang='lat' dir='ltr'>uon</span> <span class='ocrx_word' id='word_1_276' title='bbox 594 3449 630 3504; x_wconf 91' lang='lat' dir='ltr'>ut</span> <span class='ocrx_word' id='word_1_277' title='bbox 650 3441 682 3502; x_wconf 93' lang='lat' dir='ltr'>in</span> <span class='ocrx_word' id='word_1_278' title='bbox 703 3460 758 3503; x_wconf 91' lang='lat' dir='ltr'>suo</span> <span class='ocrx_word' id='word_1_279' title='bbox 779 3459 884 3520; x_wconf 86' lang='lat' dir='ltr'>genere</span> <span class='ocrx_word' id='word_1_280' title='bbox 905 3442 1039 3521; x_wconf 84' lang='lat' dir='ltr'>perlecta</span> <span class='ocrx_word' id='word_1_281' title='bbox 1060 3448 1149 3522; x_wconf 87' lang='lat' dir='ltr'>atque</span> <span class='ocrx_word' id='word_1_282' title='bbox 1170 3437 1322 3512; x_wconf 90' lang='lat' dir='ltr'>absoluta,</span> <span class='ocrx_word' id='word_1_283' title='bbox 1346 3439 1400 3501; x_wconf 90' lang='lat' dir='ltr'>sed</span> <span class='ocrx_word' id='word_1_284' title='bbox 1414 3445 1448 3500; x_wconf 90' lang='lat' dir='ltr'>ut</span> <span class='ocrx_word' id='word_1_285' title='bbox 1459 3437 1498 3500; x_wconf 88' lang='lat' dir='ltr'>ad</span> <span class='ocrx_word' id='word_1_286' title='bbox 1514 3456 1583 3517; x_wconf 85' lang='lat' dir='ltr'>per-</span> 
     </span>
     <span class='ocr_line' id='line_1_30' title="bbox 324 3537 1582 3628; baseline -0.002 -25"><span class='ocrx_word' id='word_1_287' title='bbox 324 3539 520 3604; x_wconf 79' lang='lat' dir='ltr'>fectissimum</span> <span class='ocrx_word' id='word_1_288' title='bbox 541 3541 614 3628; x_wconf 84' lang='lat' dir='ltr'>illud</span> <span class='ocrx_word' id='word_1_289' title='bbox 636 3560 695 3604; x_wconf 92' lang='lat' dir='ltr'>non</span> <span class='ocrx_word' id='word_1_290' title='bbox 717 3541 805 3605; x_wconf 88' lang='lat' dir='ltr'>nimis</span> <span class='ocrx_word' id='word_1_291' title='bbox 827 3561 865 3603; x_wconf 82' lang='lat' dir='ltr'>ex</span> <span class='ocrx_word' id='word_1_292' title='bbox 884 3541 1045 3624; x_wconf 81' lang='lat' dir='ltr'>longinquo</span> <span class='ocrx_word' id='word_1_293' title='bbox 1068 3539 1250 3622; x_wconf 79' lang='lat' dir='ltr'>aspirantis:</span> <span class='ocrx_word' id='word_1_294' title='bbox 1272 3539 1461 3613; x_wconf 87' lang='lat' dir='ltr'>admiremur,</span> <span class='ocrx_word' id='word_1_295' title='bbox 1479 3537 1505 3602; x_wconf 86' lang='lat' dir='ltr'>si</span> <span class='ocrx_word' id='word_1_296' title='bbox 1517 3537 1582 3618; x_wconf 88' lang='lat' dir='ltr'>jam</span> 
     </span>
     <span class='ocr_line' id='line_1_31' title="bbox 321 3637 1583 3725; baseline -0.002 -21"><span class='ocrx_word' id='word_1_297' title='bbox 321 3640 464 3706; x_wconf 86' lang='lat' dir='ltr'>admirari</span> <span class='ocrx_word' id='word_1_298' title='bbox 484 3642 606 3722; x_wconf 81' lang='lat' dir='ltr'>placet,</span> <span class='ocrx_word' id='word_1_299' title='bbox 638 3660 697 3704; x_wconf 92' lang='lat' dir='ltr'>uon</span> <span class='ocrx_word' id='word_1_300' title='bbox 728 3642 913 3725; x_wconf 86' lang='lat' dir='ltr'>simpliciter,</span> <span class='ocrx_word' id='word_1_301' title='bbox 935 3661 994 3706; x_wconf 91' lang='lat' dir='ltr'>uon</span> <span class='ocrx_word' id='word_1_302' title='bbox 1017 3641 1081 3704; x_wconf 90' lang='lat' dir='ltr'>sine</span> <span class='ocrx_word' id='word_1_303' title='bbox 1101 3640 1334 3723; x_wconf 84' lang='lat' dir='ltr'>comparatione,</span> <span class='ocrx_word' id='word_1_304' title='bbox 1355 3640 1407 3704; x_wconf 88' lang='lat' dir='ltr'>sed</span> <span class='ocrx_word' id='word_1_305' title='bbox 1428 3648 1504 3704; x_wconf 87' lang='lat' dir='ltr'>uta</span> <span class='ocrx_word' id='word_1_306' title='bbox 1525 3637 1583 3704; x_wconf 86' lang='lat' dir='ltr'>Se·</span> 
     </span>
     <span class='ocr_line' id='line_1_32' title="bbox 314 3741 1583 3826; baseline -0.002 -20"><span class='ocrx_word' id='word_1_307' title='bbox 314 3759 399 3806; x_wconf 80' lang='lat' dir='ltr'>&#39;neca</span> <span class='ocrx_word' id='word_1_308' title='bbox 430 3741 558 3824; x_wconf 80' lang='lat' dir='ltr'>scripta3</span> <span class='ocrx_word' id='word_1_309' title='bbox 589 3743 740 3825; x_wconf 88' lang='lat' dir='ltr'>patiamur</span> <span class='ocrx_word' id='word_1_310' title='bbox 771 3744 898 3826; x_wconf 86' lang='lat' dir='ltr'>deniqne</span> <span class='ocrx_word' id='word_1_311' title='bbox 929 3741 1054 3806; x_wconf 85' lang='lat' dir='ltr'>Seneeae</span> <span class='ocrx_word' id='word_1_312' title='bbox 1086 3742 1166 3806; x_wconf 90' lang='lat' dir='ltr'>huuc</span> <span class='ocrx_word' id='word_1_313' title='bbox 1196 3741 1292 3804; x_wconf 89' lang='lat' dir='ltr'>locum</span> <span class='ocrx_word' id='word_1_314' title='bbox 1315 3760 1381 3804; x_wconf 88' lang='lat' dir='ltr'>esse</span> <span class='ocrx_word' id='word_1_315' title='bbox 1403 3759 1496 3823; x_wconf 88' lang='lat' dir='ltr'>nequa</span> <span class='ocrx_word' id='word_1_316' title='bbox 1518 3746 1583 3804; x_wconf 88' lang='lat' dir='ltr'>tam</span> 
     </span>
     <span class='ocr_line' id='line_1_33' title="bbox 322 3841 1583 3927; baseline -0.002 -22"><span class='ocrx_word' id='word_1_317' title='bbox 322 3842 452 3924; x_wconf 81' lang='lat' dir='ltr'>maligue</span> <span class='ocrx_word' id='word_1_318' title='bbox 473 3843 511 3906; x_wconf 90' lang='lat' dir='ltr'>de</span> <span class='ocrx_word' id='word_1_319' title='bbox 535 3843 652 3925; x_wconf 84' lang='lat' dir='ltr'>iugenio</span> <span class='ocrx_word' id='word_1_320' title='bbox 674 3845 737 3926; x_wconf 85' lang='lat' dir='ltr'>ejus</span> <span class='ocrx_word' id='word_1_321' title='bbox 759 3844 973 3920; x_wconf 84' lang='lat' dir='ltr'>existimemus,</span> <span class='ocrx_word' id='word_1_322' title='bbox 993 3851 1039 3920; x_wconf 89' lang='lat' dir='ltr'>ut,</span> <span class='ocrx_word' id='word_1_323' title='bbox 1060 3845 1086 3908; x_wconf 90' lang='lat' dir='ltr'>si</span> <span class='ocrx_word' id='word_1_324' title='bbox 1108 3843 1221 3927; x_wconf 88' lang='lat' dir='ltr'>quain</span> <span class='ocrx_word' id='word_1_325' title='bbox 1243 3842 1325 3906; x_wconf 88' lang='lat' dir='ltr'>hisce</span> <span class='ocrx_word' id='word_1_326' title='bbox 1345 3841 1507 3923; x_wconf 83' lang='lat' dir='ltr'>tragoediis</span> <span class='ocrx_word' id='word_1_327' title='bbox 1528 3859 1583 3903; x_wconf 88' lang='lat' dir='ltr'>ex-</span> 
     </span>
     <span class='ocr_line' id='line_1_34' title="bbox 321 3941 1583 4028; baseline -0.002 -21"><span class='ocrx_word' id='word_1_328' title='bbox 321 3943 456 4008; x_wconf 89' lang='lat' dir='ltr'>stiterint</span> <span class='ocrx_word' id='word_1_329' title='bbox 477 3945 633 4025; x_wconf 87' lang='lat' dir='ltr'>ejusmodi,</span> <span class='ocrx_word' id='word_1_330' title='bbox 654 3945 686 4008; x_wconf 92' lang='lat' dir='ltr'>iu</span> <span class='ocrx_word' id='word_1_331' title='bbox 707 3945 814 4028; x_wconf 89' lang='lat' dir='ltr'>quibua</span> <span class='ocrx_word' id='word_1_332' title='bbox 836 3946 965 4009; x_wconf 85' lang='lat' dir='ltr'>eluceret</span> <span class='ocrx_word' id='word_1_333' title='bbox 986 3946 1088 4028; x_wconf 90' lang='lat' dir='ltr'>aliqua</span> <span class='ocrx_word' id='word_1_334' title='bbox 1107 3945 1229 4009; x_wconf 87' lang='lat' dir='ltr'>virtutis</span> <span class='ocrx_word' id='word_1_335' title='bbox 1250 3952 1281 4006; x_wconf 88' lang='lat' dir='ltr'>et</span> <span class='ocrx_word' id='word_1_336' title='bbox 1295 3943 1393 4006; x_wconf 87' lang='lat' dir='ltr'>laudis</span> <span class='ocrx_word' id='word_1_337' title='bbox 1407 3941 1583 4017; x_wconf 88' lang='lat' dir='ltr'>similitudo,</span> 
     </span>
     <span class='ocr_line' id='line_1_35' title="bbox 322 4043 1583 4130; baseline -0.002 -22"><span class='ocrx_word' id='word_1_338' title='bbox 322 4065 359 4108; x_wconf 85' lang='lat' dir='ltr'>aa</span> <span class='ocrx_word' id='word_1_339' title='bbox 379 4045 424 4109; x_wconf 91' lang='lat' dir='ltr'>illi</span> <span class='ocrx_word' id='word_1_340' title='bbox 445 4045 550 4110; x_wconf 83' lang='lat' dir='ltr'>statim</span> <span class='ocrx_word' id='word_1_341' title='bbox 572 4046 786 4128; x_wconf 84' lang='lat' dir='ltr'>abjudicanda,</span> <span class='ocrx_word' id='word_1_342' title='bbox 809 4047 900 4110; x_wconf 89' lang='lat' dir='ltr'>alium</span> <span class='ocrx_word' id='word_1_343' title='bbox 913 4047 1053 4130; x_wconf 86' lang='lat' dir='ltr'>aliquem,</span> <span class='ocrx_word' id='word_1_344' title='bbox 1067 4047 1115 4112; x_wconf 92' lang='lat' dir='ltr'>cui</span> <span class='ocrx_word' id='word_1_345' title='bbox 1129 4046 1330 4128; x_wconf 80' lang='lat' dir='ltr'>assignentur,</span> <span class='ocrx_word' id='word_1_346' title='bbox 1344 4043 1503 4108; x_wconf 87' lang='lat' dir='ltr'>ridendum</span> <span class='ocrx_word' id='word_1_347' title='bbox 1518 4062 1583 4106; x_wconf 89' lang='lat' dir='ltr'>esse</span> 
     </span>
     <span class='ocr_line' id='line_1_36' title="bbox 322 4147 512 4210; baseline 0 0"><span class='ocrx_word' id='word_1_348' title='bbox 322 4147 512 4210; x_wconf 87' lang='lat' dir='ltr'>arbitremur.</span> 
     </span>
    </p>

    <p class='ocr_par' dir='ltr' id='par_1_5' title="bbox 322 4245 1584 4838">
     <span class='ocr_line' id='line_1_37' title="bbox 406 4245 1583 4331; baseline -0.007 -18"><span class='ocrx_word' id='word_1_349' title='bbox 406 4249 447 4313; x_wconf 82' lang='lat' dir='ltr'>Et</span> <span class='ocrx_word' id='word_1_350' title='bbox 479 4248 576 4331; x_wconf 88' lang='lat' dir='ltr'>qualis</span> <span class='ocrx_word' id='word_1_351' title='bbox 608 4257 689 4312; x_wconf 85' lang='lat' dir='ltr'>esset</span> <span class='ocrx_word' id='word_1_352' title='bbox 715 4249 765 4313; x_wconf 92' lang='lat' dir='ltr'>hic</span> <span class='ocrx_word' id='word_1_353' title='bbox 786 4247 961 4329; x_wconf 71' lang='lat' dir='ltr'>hausjam</span> <span class='ocrx_word' id='word_1_354' title='bbox 983 4248 1127 4312; x_wconf 87' lang='lat' dir='ltr'>vidimus:</span> <span class='ocrx_word' id='word_1_355' title='bbox 1148 4268 1230 4312; x_wconf 90' lang='lat' dir='ltr'>nunc</span> <span class='ocrx_word' id='word_1_356' title='bbox 1250 4265 1317 4330; x_wconf 80' lang='lat' dir='ltr'>quae</span> <span class='ocrx_word' id='word_1_357' title='bbox 1337 4255 1493 4328; x_wconf 90' lang='lat' dir='ltr'>tamquam</span> <span class='ocrx_word' id='word_1_358' title='bbox 1516 4245 1583 4306; x_wconf 83' lang='lat' dir='ltr'>lons</span> 
     </span>
     <span class='ocr_line' id='line_1_38' title="bbox 325 4349 1580 4432; baseline -0.002 -22"><span class='ocrx_word' id='word_1_359' title='bbox 325 4349 392 4429; x_wconf 88' lang='lat' dir='ltr'>ejus</span> <span class='ocrx_word' id='word_1_360' title='bbox 424 4358 456 4411; x_wconf 88' lang='lat' dir='ltr'>et</span> <span class='ocrx_word' id='word_1_361' title='bbox 477 4351 558 4430; x_wconf 82' lang='lat' dir='ltr'>origo</span> <span class='ocrx_word' id='word_1_362' title='bbox 579 4349 620 4414; x_wconf 89' lang='lat' dir='ltr'>sit</span> <span class='ocrx_word' id='word_1_363' title='bbox 641 4351 875 4415; x_wconf 80' lang='lat' dir='ltr'>consideremus.</span> <span class='ocrx_word' id='word_1_364' title='bbox 918 4351 997 4414; x_wconf 92' lang='lat' dir='ltr'>Illud</span> <span class='ocrx_word' id='word_1_365' title='bbox 1018 4350 1109 4431; x_wconf 83' lang='lat' dir='ltr'>igitur</span> <span class='ocrx_word' id='word_1_366' title='bbox 1131 4351 1258 4432; x_wconf 85' lang='lat' dir='ltr'>primum</span> <span class='ocrx_word' id='word_1_367' title='bbox 1281 4355 1418 4430; x_wconf 84' lang='lat' dir='ltr'>apparet,</span> <span class='ocrx_word' id='word_1_368' title='bbox 1440 4355 1580 4410; x_wconf 87' lang='lat' dir='ltr'>naturam</span> 
     </span>
     <span class='ocr_line' id='line_1_39' title="bbox 322 4450 1581 4538; baseline -0.004 -25"><span class='ocrx_word' id='word_1_369' title='bbox 322 4450 440 4532; x_wconf 91' lang='lat' dir='ltr'>quidem</span> <span class='ocrx_word' id='word_1_370' title='bbox 471 4469 509 4538; x_wconf 81' lang='lat' dir='ltr'>se</span> <span class='ocrx_word' id='word_1_371' title='bbox 540 4469 637 4514; x_wconf 89' lang='lat' dir='ltr'>mores</span> <span class='ocrx_word' id='word_1_372' title='bbox 659 4452 881 4516; x_wconf 75' lang='lat' dir='ltr'>Andromacha</span> <span class='ocrx_word' id='word_1_373' title='bbox 909 4453 1027 4515; x_wconf 89' lang='lat' dir='ltr'>eosdem</span> <span class='ocrx_word' id='word_1_374' title='bbox 1051 4470 1071 4514; x_wconf 91' lang='lat' dir='ltr'>a</span> <span class='ocrx_word' id='word_1_375' title='bbox 1092 4450 1209 4515; x_wconf 88' lang='lat' dir='ltr'>Seneca</span> <span class='ocrx_word' id='word_1_376' title='bbox 1229 4469 1294 4513; x_wconf 87' lang='lat' dir='ltr'>essa</span> <span class='ocrx_word' id='word_1_377' title='bbox 1315 4465 1482 4530; x_wconf 84' lang='lat' dir='ltr'>expressos,</span> <span class='ocrx_word' id='word_1_378' title='bbox 1504 4464 1581 4529; x_wconf 90' lang='lat' dir='ltr'>quos</span> 
     </span>
     <span class='ocr_line' id='line_1_40' title="bbox 323 4543 1582 4633; baseline -0.002 -21"><span class='ocrx_word' id='word_1_379' title='bbox 323 4551 355 4612; x_wconf 93' lang='lat' dir='ltr'>in</span> <span class='ocrx_word' id='word_1_380' title='bbox 388 4543 557 4614; x_wconf 80' lang='lat' dir='ltr'>Troadibus</span> <span class='ocrx_word' id='word_1_381' title='bbox 590 4561 622 4614; x_wconf 90' lang='lat' dir='ltr'>et</span> <span class='ocrx_word' id='word_1_382' title='bbox 652 4552 868 4616; x_wconf 89' lang='lat' dir='ltr'>Andromacha</span> <span class='ocrx_word' id='word_1_383' title='bbox 900 4552 1012 4617; x_wconf 86' lang='lat' dir='ltr'>fabulis</span> <span class='ocrx_word' id='word_1_384' title='bbox 1041 4553 1189 4633; x_wconf 87' lang='lat' dir='ltr'>expressit</span> <span class='ocrx_word' id='word_1_385' title='bbox 1209 4550 1383 4632; x_wconf 80' lang='lat' dir='ltr'>Euripides:</span> <span class='ocrx_word' id='word_1_386' title='bbox 1405 4566 1529 4630; x_wconf 86' lang='lat' dir='ltr'>quarum</span> <span class='ocrx_word' id='word_1_387' title='bbox 1550 4547 1582 4609; x_wconf 94' lang='lat' dir='ltr'>in</span> 
     </span>
     <span class='ocr_line' id='line_1_41' title="bbox 325 4650 1584 4737; baseline -0.003 -23"><span class='ocrx_word' id='word_1_388' title='bbox 325 4653 493 4734; x_wconf 88' lang='lat' dir='ltr'>posteriore</span> <span class='ocrx_word' id='word_1_389' title='bbox 514 4653 567 4716; x_wconf 88' lang='lat' dir='ltr'>illa</span> <span class='ocrx_word' id='word_1_390' title='bbox 589 4652 726 4717; x_wconf 88' lang='lat' dir='ltr'>similiter</span> <span class='ocrx_word' id='word_1_391' title='bbox 747 4663 837 4736; x_wconf 87' lang='lat' dir='ltr'>atque</span> <span class='ocrx_word' id='word_1_392' title='bbox 859 4655 938 4737; x_wconf 91' lang='lat' dir='ltr'>apud</span> <span class='ocrx_word' id='word_1_393' title='bbox 961 4654 1109 4718; x_wconf 85' lang='lat' dir='ltr'>Senecam</span> <span class='ocrx_word' id='word_1_394' title='bbox 1130 4673 1167 4715; x_wconf 86' lang='lat' dir='ltr'>ne</span> <span class='ocrx_word' id='word_1_395' title='bbox 1188 4661 1316 4716; x_wconf 88' lang='lat' dir='ltr'>mortem</span> <span class='ocrx_word' id='word_1_396' title='bbox 1329 4650 1450 4734; x_wconf 92' lang='lat' dir='ltr'>quidem</span> <span class='ocrx_word' id='word_1_397' title='bbox 1461 4658 1517 4732; x_wconf 85' lang='lat' dir='ltr'>pro</span> <span class='ocrx_word' id='word_1_398' title='bbox 1531 4665 1584 4711; x_wconf 81' lang='lat' dir='ltr'>sa-</span> 
     </span>
     <span class='ocr_line' id='line_1_42' title="bbox 322 4748 1582 4838; baseline -0.002 -22"><span class='ocrx_word' id='word_1_399' title='bbox 322 4752 385 4816; x_wconf 88' lang='lat' dir='ltr'>lute</span> <span class='ocrx_word' id='word_1_400' title='bbox 406 4753 460 4818; x_wconf 83' lang='lat' dir='ltr'>dlii</span> <span class='ocrx_word' id='word_1_401' title='bbox 481 4753 653 4820; x_wconf 86' lang='lat' dir='ltr'>detrectans</span> <span class='ocrx_word' id='word_1_402' title='bbox 674 4755 841 4820; x_wconf 89' lang='lat' dir='ltr'>inducitur:</span> <span class='ocrx_word' id='word_1_403' title='bbox 862 4775 938 4838; x_wconf 86' lang='lat' dir='ltr'>quas</span> <span class='ocrx_word' id='word_1_404' title='bbox 959 4755 1078 4838; x_wconf 91' lang='lat' dir='ltr'>quidem</span> <span class='ocrx_word' id='word_1_405' title='bbox 1099 4753 1219 4820; x_wconf 86' lang='lat' dir='ltr'>labnlas</span> <span class='ocrx_word' id='word_1_406' title='bbox 1240 4753 1320 4818; x_wconf 89' lang='lat' dir='ltr'>hunc</span> <span class='ocrx_word' id='word_1_407' title='bbox 1333 4751 1505 4835; x_wconf 83' lang='lat' dir='ltr'>respexisse</span> <span class='ocrx_word' id='word_1_408' title='bbox 1518 4748 1582 4814; x_wconf 86' lang='lat' dir='ltr'>aiu-</span> 
     </span>
    </p>
   </div>
   <div class='ocr_carea' id='block_1_5' title="bbox 0 0 1790 5406">
    <p class='ocr_par' dir='ltr' id='par_1_6' title="bbox 0 0 1790 5406">
     <span class='ocr_line' id='line_1_43' title="bbox 0 0 1790 5406; baseline 0 0"><span class='ocrx_word' id='word_1_409' title='bbox 0 0 1790 5406; x_wconf 95' lang='lat' dir='ltr'> </span> 
     </span>
    </p>
   </div>
  </div>
 </body>
</html>
