3508 5404
321 499 360 554 66
813 497 842 552 Ο.
866 499 898 554 Ε.
921 497 1092 554 Sandstrtlm.

320 669 447 733 Fortem
469 655 695 750 huncquoque
718 685 825 732 rocem
848 667 979 733 emittit:

560 767 611 838 Ly.
634 768 746 842 cogere.

536 857 611 928 Meg.
787 856 855 930 Cogi
876 858 925 927 qui
946 858 1040 928 potest
1061 856 1150 912 nescit
1172 855 1251 910 mori.

1108 962 1136 999 v.
1160 943 1233 998 430.
1392 951 1400 984 l

401 1060 552 1146 Sequitur
574 1063 613 1126 de
634 1063 780 1128 Herculis
803 1083 916 1145 genere
939 1071 971 1126 ot
991 1049 1109 1126 virtute
1131 1063 1211 1127 satis
1233 1062 1328 1144 longa
1349 1061 1432 1123 iuter
1453 1060 1572 1143 Lycum

318 1171 350 1225 et
370 1163 532 1244 Megaram
555 1165 701 1246 primum,
723 1174 789 1229 tum
812 1167 896 1228 inter
918 1166 1048 1228 eandem
1066 1174 1097 1228 et
1110 1163 1374 1247 Amphitryouem
1392 1162 1572 1226 altercatio:

318 1284 380 1347 qua
401 1264 454 1330 ille
476 1266 622 1331 irritetur
643 1267 690 1332 ite
713 1267 901 1342 exardescit,
924 1277 958 1330 ut
979 1267 1043 1330 vim
1067 1267 1109 1330 ad
1132 1274 1305 1330 extremum
1327 1263 1478 1328 minetur:

556 1399 605 1456 Sin
627 1402 753 1471 copulari
774 1402 906 1473 pertinax
927 1401 1007 1458 taedis
1028 1403 1125 1473 negat,

553 1487 608 1544 Vel
628 1505 663 1546 ex
684 1491 783 1545 noento
804 1489 927 1546 nobilem
949 1489 1063 1559 partum
1085 1487 1181 1542 ierem.
1266 1571 1283 1627 8

1105 1593 1132 1630 v.
1157 1575 1257 1630 497—
1287 1612 1294 1627 .

397 1690 499 1765 Quem
530 1701 682 1758 terrorem
715 1715 808 1776 quum
840 1696 897 1760 illa
930 1698 1039 1760 eodem
1073 1697 1177 1760 animo
1207 1715 1267 1777 qno
1290 1695 1412 1776 priores
1436 1692 1569 1774 repellit,

311 1793 459 1859 similiter
492 1803 586 1876 atque
619 1798 705 1878 apud
737 1798 924 1881 Euripidem
959 1800 1047 1881 ignes
1081 1799 1121 1861 iis
1147 1797 1333 1861 circumdari
1352 1796 1455 1876 jubet.
1499 1793 1569 1865 Quo

310 1904 453 1977 tempore
474 1895 691 1981 Amphitryon
714 1899 841 1962 deorum
865 1900 984 1963 euxilio
1008 1900 1175 1982 desperato
1198 1897 1297 1961 filium
1320 1896 1485 1978 imploret:

905 2033 977 2100 Quid
999 2033 1064 2090 deon
1085 2033 1191 2089 frustra
1213 2034 1331 2104 precor?

550 2117 715 2188 Ubicunque
736 2137 774 2185 ee,
798 2120 863 2176 endi
885 2124 971 2192 gnate
998 2151 1031 2162 -
1058 2139 1107 2176 cur
1128 2120 1221 2177 subito
1244 2120 1344 2176 lebant

551 2204 670 2276 Agitnta
691 2210 770 2263 motu
791 2207 920 2278 temple?
964 2207 1018 2264 Gur
1040 2208 1131 2280 mugit
1153 2206 1262 2264 solum?

551 2289 677 2346 Infernus
698 2295 754 2350 imo
776 2295 907 2351 innuite
929 2295 1014 2350 fundo
1036 2295 1140 2367 fragor.

550 2378 695 2436 Audimur.
738 2381 788 2438 Est
809 2383 851 2437 eet
873 2383 978 2438 sonitus
1000 2381 1130 2438 Herculei
1151 2379 1264 2454 gradun.

1101 2489 1128 2524 v.
1154 2468 1291 2524 523-7.

393 2603 517 2666 Novum
545 2602 638 2685 plane
661 2604 693 2667 in
717 2605 775 2667 hoc
798 2604 866 2668 loco
889 2614 1098 2668 commentum
1122 2607 1263 2668 videmus
1287 2609 1319 2666 et
1340 2600 1426 2682 cnjus
1448 2599 1480 2662 in
1502 2599 1568 2662 Eu-

310 2701 427 2785 ripidie
459 2704 585 2786 quidem
614 2705 721 2768 fabula
743 2707 863 2770 nullum
887 2717 991 2769 exstet
1012 2708 1151 2788 signum:
1175 2707 1258 2788 quod
1280 2714 1387 2768 tamen
1412 2698 1567 2783 ejusmodi

310 2811 370 2880 est,
401 2813 437 2868 ut
468 2805 507 2867 ad
540 2806 676 2888 Megarae
700 2806 879 2870 libertatem
902 2816 934 2871 et
955 2807 1087 2890 spiritus
1111 2807 1316 2870 declarandos
1339 2803 1425 2868 hand
1446 2802 1568 2882 impru-

309 2903 420 2968 denter
452 2907 664 2988 excogitatnm
693 2927 760 2970 esse
782 2909 939 2972 videatur.
983 2908 1125 2980 Quodsi
1148 2903 1251 2991 poete,
1274 2915 1391 2990 quanta
1412 2902 1566 2966 felicitate

308 3005 438 3081 invenit,
460 3015 549 3070 tanta
571 3015 640 3070 arte
662 3015 833 3071 tractasset
854 3029 955 3092 neque
978 3011 1144 3073 materiem
1167 3010 1334 3090 benignam
1350 3014 1383 3070 et
1398 3003 1565 3068 fecundum

309 3107 429 3171 usitato
464 3116 584 3172 tumore
621 3109 827 3192 ampullisque
858 3111 1058 3192 corrupisset,
1089 3112 1171 3174 houd
1198 3129 1274 3173 sane
1299 3109 1460 3188 indignum
1487 3105 1569 3166 hunc

308 3209 410 3272 locum
431 3210 604 3291 judicarem
627 3210 774 3275 laudibus
788 3211 837 3285 iis,
851 3212 1042 3294 quibuscum
1057 3221 1240 3295 prosecutus
1254 3219 1301 3272 est
1312 3208 1477 3282 Kleinins3
1489 3223 1567 3288 quae,

308 3317 343 3373 ut
374 3331 454 3374 nnnc
486 3331 520 3374 se
553 3331 602 3374 res
625 3312 731 3386 hebet,
761 3313 821 3376 etsi
852 3333 914 3377 non
937 3333 1066 3395 prorsns
1089 3312 1265 3388 immeritae,
1286 3309 1460 3374 immodicae
1484 3312 1567 3368 certe

306 3411 463 3476 videntur.
506 3412 696 3476 Admiratnr
728 3422 834 3475 entem
865 3417 1002 3495 Megarae
1025 3435 1192 3497 personam
1216 3413 1368 3476 maxime:
1391 3411 1422 3472 in
1446 3427 1508 3490 qua
1529 3425 1566 3468 n-

266 3529 278 3546 *
308 3511 353 3574 dii
375 3512 424 3575 vin
447 3521 479 3576 et
501 3515 594 3577 ardor
615 3533 683 3578 cum
706 3515 891 3578 fortitudine
924 3517 1109 3596 conjunctus
1133 3516 1212 3579 setis
1234 3515 1435 3576 vehementer
1458 3506 1566 3589 expri-

307 3613 420 3677 mitur:
452 3616 509 3677 sed
538 3636 631 3696 quum
655 3616 707 3679 ille
731 3616 824 3678 decor
846 3624 879 3679 ct
901 3616 1040 3698 dignitus
1065 3617 1271 3688 desideretur,
1295 3634 1363 3696 quae
1386 3611 1447 3676 nisi
1473 3607 1564 3672 modo

254 3787 263 3811 .
307 3722 433 3778 servato
467 3715 603 3778 existere
636 3737 697 3779 nnn
720 3724 837 3798 potest,
858 3727 924 3780 tum
947 3738 1014 3801 qum
1036 3718 1229 3800 conjugalem
1253 3717 1389 3779 animum
1411 3711 1565 3783 indicent,

307 3833 419 3897 penca,
452 3835 518 3897 qum
553 3836 628 3881 vero
662 3825 847 3894 maternum,
879 3838 1008 3899 prorsus
1042 3820 1128 3882 nulla
1152 3826 1234 3882 sunt.
1277 3815 1425 3879 Debebet
1445 3820 1565 3886 temen,

307 3936 398 3998 quum
432 3937 521 3980 suem
555 3919 588 3980 in
619 3919 705 4001 Lyco
739 3917 939 4000 aspernando
974 3919 1185 3982 constantiam
1207 3919 1379 3981 liberorum
1402 3913 1563 3977 interitum

307 4026 545 4081 consecuturum
566 4017 700 4094 videret,
723 4021 782 4082 etsi
805 4039 866 4082 non
891 4021 1054 4084 consilinm
1077 4029 1198 4084 mutere
1220 4056 1261 4065 —
1282 4037 1356 4081 nem
1379 4017 1412 4078 id
1435 4014 1561 4098 quidem

307 4119 433 4182 minime
457 4129 540 4183 esset
562 4119 754 4183 laudandum
777 4156 815 4166 -
839 4130 873 4184 et
895 4129 991 4196 certe,
1012 4133 1047 4186 ut
1068 4122 1230 4185 videretur
1251 4119 1437 4199 intelligere,
1454 4113 1563 4198 quenti

306 4219 368 4282 sibi
401 4219 458 4283 illa
490 4241 565 4302 erga
598 4221 747 4284 maritum
782 4222 858 4284 fides
887 4232 1055 4298 constaret,
1078 4223 1217 4304 aliquem
1240 4223 1354 4285 luctum
1375 4217 1565 4299 significare,

306 4321 425 4402 aliquid
448 4323 582 4385 materni
606 4323 722 4385 doloris
748 4323 918 4386 effundere.
955 4325 1048 4388 Nune
1068 4332 1104 4387 ut
1125 4331 1175 4387 est
1195 4324 1228 4386 in
1252 4323 1325 4385 odio
1349 4321 1440 4382 ferox
1462 4326 1494 4380 et
1514 4316 1564 4378 in-

306 4421 437 4498 domita,
471 4423 503 4486 in
537 4424 706 4487 liberorum
736 4423 839 4487 seluto
861 4423 948 4488 lente
969 4444 1099 4507 prorsus
1122 4445 1159 4488 ao
1181 4423 1354 4506 negligens,
1376 4417 1565 4482 admiratio·

306 4543 376 4586 nem
409 4525 544 4588 fortasse
577 4525 698 4608 poterit
730 4524 882 4600 excitare,
905 4545 1042 4589 amorem
1064 4534 1096 4589 et
1117 4523 1371 4588 benevolentiam
1394 4519 1562 4583 conciliare

278 4639 281 4648 ’
304 4643 367 4686 nou
390 4626 523 4706 poterit:
546 4633 651 4708 etque,
674 4636 710 4689 ut
731 4633 839 4708 aperte
863 4626 966 4690 dicam
989 4627 1072 4709 qnod
1093 4628 1207 4703 sentio,
1231 4624 1345 4690 furiam
1367 4621 1474 4704 potius
1490 4639 1564 4684 con-

304 4724 434 4790 citatum
457 4747 550 4810 quam
573 4728 733 4793 mulierem
756 4728 927 4792 liberorum
949 4736 982 4793 et
1002 4727 1144 4812 conjugis
1167 4735 1325 4792 amantem
1348 4724 1458 4788 refert.
