3554 5406
329 534 367 590 tc
819 531 849 590 0.
872 533 904 590 lt.
927 531 1098 590 emortuom.

328 703 463 786 piditate
484 707 550 766 tam
572 701 712 784 graviter
733 703 864 777 exarsit,
885 711 932 779 ut,
953 703 1028 768 dum
1052 702 1118 767 odii
1140 699 1387 785 magnitudinem
1411 702 1528 784 explet,
1542 721 1582 766 ue

328 813 459 868 matrem
483 803 609 886 quidem
631 823 665 868 se
688 823 757 866 esse
779 803 985 868 meminisset.
1018 803 1165 868 Perdidit
1186 803 1270 866 hauc
1290 803 1436 866 nimirum
1461 810 1494 865 et
1506 821 1582 884 pro·

328 905 446 968 stravit
478 904 622 970 muliebri
656 904 758 968 dolori
785 905 947 988 permixta
967 905 1071 970 virilis
1093 904 1243 968 audacia:
1266 903 1416 968 conciliet
1438 904 1528 978 nobis
1550 913 1583 966 et

328 1005 522 1070 commendat
553 1013 587 1069 et
618 1005 790 1088 digniorem
823 1007 1053 1088 quodammodo
1085 1005 1252 1088 tragoedia
1283 1005 1398 1082 reddit,
1431 1005 1516 1088 qood
1547 1003 1580 1068 in

327 1115 419 1170 tauta
451 1106 601 1171 facinoris
634 1107 803 1172 atrocitate
837 1115 943 1172 tamen
978 1105 1155 1172 honestatis
1184 1107 1292 1189 aliqua
1314 1105 1419 1188 specie
1442 1104 1582 1181 draiton

328 1207 538 1272 miserabilem
571 1226 647 1272 vero
681 1227 719 1272 ea
751 1228 800 1272 res
827 1217 969 1290 praestat,
991 1208 1074 1293 quod
1098 1216 1130 1272 et
1151 1227 1244 1292 quum
1266 1207 1386 1288 cogitat
1407 1207 1528 1272 lacinus
1549 1214 1582 1270 et

328 1317 495 1392 postquam
517 1308 716 1390 perpetravit
736 1309 941 1390 gravissimae
967 1329 1085 1392 poenas
1107 1308 1204 1373 enimi
1228 1328 1357 1372 maerore
1380 1315 1414 1372 et
1434 1305 1581 1372 cruciati-

327 1410 386 1474 bus
408 1409 515 1474 solvit.
548 1409 804 1474 Admirationem
827 1418 934 1476 tamen
956 1411 1055 1474 habet
1076 1410 1228 1474 maxime:
1251 1409 1298 1474 ita
1320 1407 1403 1472 euim
1424 1408 1510 1472 iuter
1530 1427 1581 1472 ce-

327 1519 414 1574 teras
446 1529 596 1593 personas
624 1511 752 1587 eminet,
774 1511 821 1576 ita
842 1520 875 1576 et
895 1515 1050 1588 Iasonem,
1071 1520 1195 1596 turpem
1217 1511 1320 1576 virum
1341 1517 1374 1574 et
1394 1509 1579 1574 illiberalem

327 1619 361 1676 et
392 1612 502 1688 levem,
537 1621 568 1676 et
600 1611 760 1688 Creusam,
794 1614 956 1678 mulierem
990 1614 1155 1695 ejusmodi,
1183 1611 1293 1695 quales
1315 1612 1419 1676 solent
1440 1631 1520 1686 esse,
1541 1629 1581 1674 ex

327 1713 547 1777 imbecillitate
580 1721 613 1776 et
645 1721 811 1778 venustate
844 1715 1051 1796 conjunctam,
1084 1723 1117 1779 et
1143 1713 1262 1795 ingenii
1285 1723 1318 1776 ct
1338 1711 1438 1776 animi
1461 1712 1580 1776 viribus

328 1815 496 1888 antecedit,
530 1822 565 1878 ut
586 1814 666 1878 nibil
688 1816 859 1880 humanum
882 1817 943 1880 nisi
967 1815 1092 1880 dolores
1115 1824 1148 1879 et
1170 1815 1325 1890 miserias,
1346 1821 1454 1878 cetera
1475 1812 1580 1876 omnia

328 1915 440 1978 diviua
461 1915 579 1979 habere
601 1916 755 1980 videatur.

411 2017 475 2080 Sed
508 2024 702 2080 revertamur
734 2018 775 2080 ad
809 2003 978 2095 Se'uecam3
1010 2017 1098 2098 cujus
1130 2016 1162 2080 iu
1195 2017 1306 2080 fabula
1328 2015 1526 2098 exponenda,
1547 2022 1581 2077 ut

327 2118 434 2181 brevis
456 2117 527 2193 sim,
549 2118 754 2182 vehementer
775 2120 963 2184 adhortatur
986 2139 1033 2182 me
1056 2119 1195 2195 animus3
1210 2125 1380 2200 propterea
1394 2114 1579 2200 quodquam

328 2219 453 2282 omuino
476 2218 641 2282 molestum
664 2228 713 2282 est
734 2221 850 2284 morari
873 2221 989 2286 diutius
1011 2220 1042 2284 iu
1066 2239 1114 2296 eo,
1135 2221 1168 2283 in
1190 2239 1261 2302 quo,
1283 2219 1368 2302 quod
1383 2217 1514 2282 laudere
1529 2223 1582 2280 aut

327 2321 461 2402 probare
494 2320 607 2402 possis,
640 2321 696 2383 vix
718 2320 885 2394 inveneris.
907 2329 973 2386 tum
995 2321 1093 2384 multu
1116 2321 1292 2395 molestius,
1314 2321 1343 2382 si
1365 2320 1406 2383 ad
1428 2316 1578 2399 ejusmodi

327 2441 452 2486 carmen
485 2421 652 2485 transieris
686 2441 725 2484 ex
758 2441 806 2498 eo,
839 2423 927 2504 cujus
959 2423 1095 2504 imagine
1122 2431 1155 2486 et
1175 2422 1342 2504 splendore
1363 2427 1460 2504 capta
1481 2419 1580 2484 adbuc

327 2541 413 2588 meos
436 2529 469 2586 et
490 2531 645 2604 occupata
666 2529 822 2586 teneatur.

409 2623 516 2687 Habet
547 2624 646 2706 igitur
678 2625 743 2687 haec
774 2624 893 2700 tabula,
926 2631 962 2688 ut
993 2644 1130 2690 summas
1163 2643 1265 2688 rerum
1287 2624 1353 2690 fere
1376 2619 1514 2698 easdem,
1535 2621 1581 2684 itu

325 2726 507 2808 sanguinem
539 2733 573 2788 et
604 2727 739 2790 colorem
772 2727 864 2808 longe
897 2727 1050 2809 longeque
1081 2725 1228 2808 Euripidi
1254 2724 1449 2791 dissimilem.
1492 2722 1581 2788 Nihil

325 2826 378 2890 hic
410 2827 448 2889 de
481 2825 563 2891 omui
596 2845 698 2890 rerum
722 2834 808 2890 stetu
831 2827 1057 2908 praedocamur3
1079 2827 1263 2910 producitur
1285 2827 1394 2890 atatim
1417 2824 1529 2888 insana
1550 2829 1582 2886 et

326 2947 436 2992 vecors
457 2929 588 3003 Medea3
609 2935 746 2992 testatur
767 2947 909 3009 superos,
937 2935 1075 2992 testatur
1096 2929 1215 2992 inferus
1238 2930 1324 3002 deos,
1347 2927 1480 2990 miratur
1501 2924 1580 3007 quod

325 3029 374 3092 sul
405 3029 542 3092 nundum
577 3047 617 3092 cx
649 3029 736 3092 coelo
762 3029 926 3103 deciderit,
948 3029 1085 3092 immane
1107 3028 1262 3111 quoddam
1285 3035 1318 3092 et
1338 3025 1492 3092 horribile
1513 3045 1581 3090 sce·

326 3129 373 3194 lus
406 3137 604 3212 patratorem
633 3150 668 3192 se
690 3149 758 3194 esse
782 3129 957 3194 denuntiat.
999 3131 1110 3212 Neque
1132 3129 1224 3205 enim,
1247 3137 1284 3192 ιιι
1301 3128 1369 3209 jam
1391 3147 1483 3202 nuuc,
1505 3145 1582 3209 qua·

325 3231 365 3296 lis
388 3232 442 3306 sit,
464 3231 674 3312 intelligatur,
698 3231 808 3295 mulier
830 3231 897 3294 haec
918 3238 969 3294 est
989 3231 1083 3307 irate,
1107 3232 1208 3306 ferox,
1229 3229 1377 3311 iujuriam
1394 3228 1513 3303 dolens,
1527 3227 1582 3290 sed

325 3332 417 3399 belua
439 3334 578 3415 quendam
600 3332 746 3396 immanis
769 3338 801 3394 et
822 3331 1017 3414 importunam
1038 3351 1137 3416 neque
1160 3339 1210 3396 est
1230 3339 1352 3397 tautum
1374 3349 1412 3394 ac
1433 3348 1494 3394 nou
1520 3327 1581 3392 sibi

324 3434 396 3516 ipsa
418 3453 541 3518 quoque
562 3433 636 3496 talis
658 3434 799 3497 videtur:

566 3551 612 3607 Me
635 3553 783 3624 conjugem
805 3549 895 3621 optet,
917 3549 1004 3606 limen
1026 3549 1149 3606 alienum
1170 3552 1286 3620 expetat

564 3639 627 3694 Jem
649 3645 733 3695 notus
754 3639 861 3708 hospes,
885 3653 995 3708 quoque
1016 3654 1074 3694 nou
1096 3635 1175 3692 aliud
1196 3653 1298 3708 queam

564 3726 646 3799 Pejus
668 3725 787 3796 precari,
810 3725 912 3782 liberos
933 3725 1037 3780 similes
1059 3725 1136 3795 patri

565 3812 728 3884 Similesque
749 3812 844 3868 matri.

1116 3913 1144 3950 v.
1168 3893 1305 3950 22-25.

325 4019 389 4084 Sed
422 4019 608 4082 sceleratam
641 4037 675 4082 se
709 4037 778 4082 esse
811 4024 844 4081 et
876 4016 1031 4100 perditem
1054 4034 1116 4080 nou
1138 4022 1188 4078 est
1209 4014 1289 4078 satis
1312 4015 1397 4098 quod
1420 4014 1583 4098 intelligit:

326 4121 478 4202 gloriatur
501 4119 595 4184 etiam
619 4121 715 4183 etad
738 4120 861 4201 majore
882 4137 916 4182 se
939 4116 1060 4180 scelera
1083 4115 1283 4180 cohortatur:

919 4250 1012 4306 Effera
1032 4249 1133 4322 ignote
1152 4248 1268 4304 horrida

566 4339 721 4396 Tremende
742 4337 820 4394 coelo
841 4337 948 4408 pariter
970 4355 1003 4394 ac
1023 4338 1107 4392 terris
1128 4337 1205 4392 mele

566 4427 645 4482 Mens
666 4426 743 4483 intus
764 4423 866 4496 agitat,
890 4425 1008 4482 vulnera
1028 4427 1057 4481 et
1079 4423 1181 4480 casdem
1202 4425 1232 4478 et
1254 4438 1357 4494 uagum

565 4513 658 4570 Funus
679 4530 728 4584 per
751 4514 838 4568 artus.
883 4511 969 4568 Levia
991 4510 1143 4567 memoravi
1164 4509 1261 4566 nimis:

565 4599 631 4656 Haec
653 4601 733 4672 virgo
755 4599 817 4666 feci,
841 4598 954 4670 gravior
976 4601 1096 4671 exurgat
1117 4597 1206 4653 dolor.

565 4689 673 4761 Majora
692 4688 754 4760 jam
774 4703 820 4742 me
841 4686 946 4742 scelera
966 4688 1030 4758 post
1051 4687 1149 4758 partus
1171 4683 1280 4740 decent.

1115 4789 1143 4828 v.
1167 4771 1307 4828 45-50.
