3508 5404
318 479 359 544 92
804 475 835 534 G.
858 477 890 536 Ei.
912 477 1085 535 daudstrdm.

316 652 524 718 mediocritate
545 671 605 716 non
627 658 690 716 turn
713 649 818 714 leudes
837 655 999 725 merentur,
1020 661 1110 731 quom
1132 645 1394 730 reprehensionem
1414 649 1584 731 effugiunt,

317 765 352 818 nt
373 756 519 830 videatur,
540 753 672 836 quisquis
694 752 773 816 bane
795 751 928 814 iabniem
950 749 1090 832 scripsit,
1111 748 1261 832 aspirasse
1282 749 1332 816 iiie
1353 750 1470 833 quidem
1486 752 1528 813 ad
1544 751 1585 812 ii-

317 857 413 920 iorum
435 855 585 930 vitinmm,
606 854 715 936 quibus
737 851 797 916 ilino
823 853 938 933 priores
958 851 1133 925 abundant,
1153 850 1340 915 dulcedinem
1366 859 1458 933 atque
1476 852 1585 933 splen·

318 958 436 1033 dorem,
469 955 610 1038 consequi
643 963 745 1018 autem
777 962 900 1035 prepter
931 951 1043 1034 ingenii
1070 950 1259 1016 debilitatem
1281 952 1416 1035 potuisse
1437 971 1524 1028 rere,
1548 961 1585 1018 ut

317 1058 408 1122 etiarn
431 1075 655 1138 nonnumquam
678 1073 737 1118 nnn
757 1053 887 1136 judicio,
909 1053 964 1116 sed
986 1052 1204 1134 defatigatione
1225 1055 1266 1116 ad
1289 1072 1394 1118 sanam
1416 1071 1584 1134 propemo-

318 1161 388 1222 dum
416 1168 449 1222 et
475 1159 641 1241 simplicem
669 1155 834 1219 orationem
856 1153 1055 1217 descenderit.
1099 1154 1143 1216 Et
1164 1155 1305 1235 quoniam
1326 1153 1458 1218 diximus
1477 1155 1509 1217 in
1534 1156 1585 1216 his

319 1260 445 1336 fabulis,
466 1279 532 1342 quae
553 1259 676 1323 Serene
697 1257 919 1337 abind'mentur,
952 1255 1033 1318 leons
1055 1253 1179 1335 reperiri
1200 1257 1374 1329 nonnullos,
1407 1255 1459 1336 qui
1480 1266 1584 1320 nerto·

318 1381 381 1424 rum
405 1361 591 1445 quorundam
613 1359 644 1421 in
667 1357 817 1440 prioribus
838 1356 947 1420 fabulis
969 1355 1099 1419 locorum
1116 1355 1294 1420 imitationis
1308 1358 1584 1438 adferrentsuspi-

319 1463 452 1538 sionem,
485 1464 549 1544 ejus
581 1459 760 1524 imitationis
793 1457 961 1539 exemplum
994 1457 1109 1520 nullum
1131 1457 1250 1521 adferre
1273 1474 1430 1542 possumus
1452 1458 1583 1521 menife-

318 1564 412 1638 stius,
434 1583 523 1646 quem
544 1561 633 1642 hujus
655 1559 748 1642 ipsius
770 1559 882 1622 fabule
904 1559 1075 1621 exordium:
1097 1575 1136 1618 ex
1157 1575 1216 1640 qua
1238 1579 1334 1642 pauor
1356 1559 1557 1638 subjecimus:

318 1664 448 1736 Thyestis
468 1665 578 1721 umbra.
602 1661 698 1731 Opuoe
719 1659 849 1732 linquens
870 1659 944 1714 Ditis
964 1658 1067 1714 inferni
1088 1657 1152 1721 lbos.

598 1747 705 1804 Adsum
726 1746 864 1818 profundo
886 1745 1000 1807 Tartari
1021 1744 1135 1802 emissus
1156 1759 1240 1816 speon

603 1834 729 1900 Iuosrtue
750 1836 828 1890 utras
851 1831 959 1892 oderim
980 1831 1057 1890 sedes
1078 1831 1183 1904 magis:

602 1921 690 1994 Fugio
711 1920 847 1992 Thyestes
868 1917 983 1987 inferos,
1006 1935 1118 1991 superos
1139 1918 1247 2060 fulgo.4

1111 2024 1139 2062 r.
1189 2041 1221 2050 -
1251 2045 1258 2060 .

599 2129 682 2186 Libet
702 2127 816 2185 reverti.
861 2125 961 2184 Nonne
982 2128 1028 2186 vel
1049 2127 1145 2183 tristes
1167 2125 1244 2182 lanus

545 2291 547 2298 γ
599 2216 723 2272 Incolere
744 2214 851 2271 satius?

1110 2317 1138 2355 v.
1166 2297 1301 2353 12-13.

601 2420 654 2476 Sed
666 2417 725 2476 'our
746 2421 862 2490 repente
883 2419 974 2476 noetis
996 2419 1098 2476 aestives
1120 2419 1194 2476 vioee

599 2505 724 2562 Hiberna
745 2505 832 2578 longa
852 2505 946 2577 spatia
968 2506 1125 2577 produount
1147 2523 1225 2560 mora

599 2595 657 2650 Aut
680 2594 747 2664 quid
769 2595 899 2650 uadentes
920 2593 1029 2650 detinet
1051 2593 1147 2650 stelles
1167 2590 1254 2664 polo?

599 2681 743 2738 Phoebum
764 2697 914 2740 moramur.
959 2681 1055 2738 Redde
1073 2682 1133 2754 jam
1155 2679 1260 2734 mundo
1280 2677 1364 2732 diem.

1112 2787 1139 2824 v.
1165 2767 1302 2823 53-56.

316 2889 466 2952 Videmus
488 2885 641 2951 simillima
661 2889 725 2952 hese
746 2905 812 2950 esse
833 2888 885 2963 iis,
913 2905 980 2970 quae
1005 2887 1037 2952 in
1059 2888 1155 2969 primo
1179 2896 1250 2951 notu
1273 2887 1417 2970 Thyestae
1437 2896 1577 2952 tracten-

316 2999 375 3054 tur.
418 2991 528 3054 Potest
553 2977 625 3052 dici'
640 2990 679 3052 ab
706 2990 811 3052 eodem
833 2989 898 3052 haeo
919 3009 983 3052 esse
1006 2997 1096 3072 atque
1118 2988 1171 3052 ilia
1192 2990 1328 3070 profecte
1349 2989 1578 3072 consimilesque

318 3093 357 3154 eb
385 3109 419 3154 en
441 3091 523 3154 loona
545 3091 575 3153 iu
597 3090 821 3172 Agamemnone
843 3091 925 3172 prius
948 3092 1032 3172 quasi
1054 3091 1266 3165 adumbratos,
1298 3097 1368 3170 post
1388 3091 1419 3152 in
1442 3091 1578 3174 Thyesta

317 3193 523 3256 vehementius
546 3211 612 3256 esse
634 3199 784 3256 tractatos
807 3199 839 3254 et
860 3191 1017 3273 copiosius.
1060 3187 1107 3254 At
1134 3189 1262 3273 primum'
1285 3191 1426 3253 credibile
1449 3211 1507 3254 nnn
1530 3201 1577 3254 est

318 3313 364 3357 res
386 3302 449 3358 tem
473 3293 617 3374 grandes,
639 3301 704 3356 tarn
727 3293 876 3368 excelsae,
905 3302 967 3356 tam
990 3292 1127 3354 omnibus
1150 3291 1295 3355 orationis
1317 3293 1502 3354 ornamentis
1523 3311 1577 3356 ae-

318 3396 536 3470 commodares,
558 3403 622 3458 tam
643 3394 746 3476 paneis
768 3395 907 3457 versibus
929 3413 987 3456 non
1010 3394 1097 3456 nimis
1120 3394 1255 3456 excitata
1274 3393 1411 3455 oratione
1426 3393 1576 3457 delibatas

317 3497 418 3578 potius
440 3515 530 3578 qnam
551 3501 759 3577 pertractatas
781 3495 932 3558 dimittere
953 3495 1088 3576 potuisse
1111 3493 1272 3557 Senecam:
1297 3511 1389 3576 quum
1411 3495 1575 3576 presertim

317 3613 378 3660 non
399 3593 427 3660 is
447 3597 506 3673 sit,
538 3597 589 3679 qui
616 3596 717 3678 inopia
745 3605 776 3659 et
799 3597 960 3678 jeJunitate
983 3585 1111 3669 laboret,
1144 3596 1197 3658 sed
1219 3595 1269 3678 qui
1291 3595 1464 3679 plerumque
1485 3595 1575 3660 etiam

316 3697 426 3761 vitiose
446 3698 601 3762 redundet.
645 3697 761 3760 Deinde
783 3699 861 3779 qood
882 3705 915 3759 et
936 3697 1085 3760 Tantalus
1107 3703 1138 3758 et
1160 3696 1308 3779 Thyestes
1330 3696 1370 3758 ad
1391 3697 1504 3762 inferos
1525 3718 1575 3760 re·

317 3798 396 3862 verti
415 3817 448 3862 se
469 3799 558 3862 malle
581 3798 732 3874 declaret,
753 3799 784 3861 id
805 3817 845 3860 ex
866 3797 947 3861 illius
969 3817 1099 3880 persona
1121 3797 1231 3878 optime
1253 3797 1369 3872 dieitur,
1391 3798 1441 3880 qni
1463 3798 1577 3862 invitus

316 3907 348 3963 et
368 3917 537 3982 repugnans
558 3901 598 3962 ad
620 3909 743 3981 nepotes
764 3900 932 3981 perdendos
955 3907 1073 3980 agetur,
1096 3915 1134 3960 ex
1155 3897 1245 3978 hujus
1268 3917 1326 3960 non
1348 3898 1436 3974 item,
1458 3901 1519 3983 qui,
1541 3909 1576 3963 ut

317 4017 404 4064 suurn
426 4001 519 4064 fliium
540 4001 571 4064 in
585 4001 698 4064 'fratris
719 4000 858 4082 instiget,
890 4019 947 4064 sue
978 4009 1086 4082 sponte
1113 3998 1144 4060 in
1167 3999 1263 4062 lucem
1286 3999 1417 4063 redierit.
1461 4001 1522 4065 Sed
1542 4002 1573 4064 in

316 4102 384 4166 aliis
415 4121 530 4185 qunque
552 4103 625 4166 lenis
646 4101 795 4166 nonnullis
817 4101 897 4166 haud
919 4113 1014 4184 perra
1034 4099 1212 4164 imitationis
1232 4099 1313 4162 inest
1333 4101 1479 4184 suspicio:
1501 4123 1574 4187 qno·

316 4223 381 4269 rum
403 4205 458 4268 bns
480 4204 609 4288 subjeci:

331 4311 334 4318 '
418 4304 493 4377 eryt.
557 4304 630 4392 Quid
650 4303 751 4362 timide
773 4303 895 4376 loqueris
915 4303 994 4360 furto
1015 4307 1045 4362 et
1066 4302 1182 4360 exilium
1202 4304 1232 4359 et
1254 4302 1354 4376 iuges?

556 4391 638 4450 Soror
659 4392 715 4448 ern
735 4391 811 4449 feeit.
856 4392 896 4449 Te
917 4391 997 4450 deoet
1018 4389 1288 4534 maimonem-5

419 4599 526 4662 Medea.
553 4601 620 4658 Haeo
641 4599 722 4672 ringo
743 4599 810 4666 teni,
833 4599 946 4673 gramm
966 4598 1197 4672 exurgatdolor.

557 4688 670 4762 Maiore
687 4689 749 4760 jem
770 4704 814 4744 me
836 4686 941 4748 eoelern
962 4689 1025 4758 poet
1047 4689 1145 4758 perteus
1167 4685 1275 4742 denent.

1114 4772 1187 4830 Med.
1211 4790 1239 4829 v.
1263 4771 1401 4828 49-50.
