3554 5406
341 535 379 592 to
832 533 861 592 0.
884 535 917 592 lt.
940 533 1112 592 Sandstrdm.

337 705 453 788 egregie
475 705 548 770 dicit
569 725 754 788 expressam,
774 705 813 769 ab
835 705 954 772 Seneca
973 706 1034 770 ista
1054 713 1107 770 aut
1128 705 1242 786 scripta
1263 725 1329 771 esse
1351 716 1405 771 aut
1425 707 1515 770 scribi
1536 727 1614 790 po·,

336 808 428 871 tuisse
450 827 509 870 nou
531 815 626 889 putet,
648 809 688 871 ab
710 808 813 888 ignoto
834 807 934 890 aliquo
956 805 1115 888 singularis
1136 826 1173 870 ac
1194 827 1278 888 paeue
1300 807 1395 870 divini
1408 808 1517 889 ingenii
1529 809 1592 871 viro

336 909 469 983 condita,
490 908 604 972 inserta
624 917 725 972 autem
747 916 852 990 postea
874 909 996 974 Senecae
1019 908 1103 970 libris
1125 909 1226 972 neseio
1247 908 1394 990 quomodo
1415 910 1592 990 suspicetur.

336 1011 439 1093 Atque
461 1009 518 1072 hoo
539 1010 660 1092 quidem
683 1019 849 1073 extremum
871 1011 970 1073 nescio
993 1029 1031 1072 an
1055 1029 1107 1090 per
1125 1008 1226 1089 jocum
1249 1009 1422 1090 conjeceritr
1444 1010 1518 1073 illud
1541 1030 1592 1072 as-

333 1119 462 1186 severat,
484 1129 542 1173 non
566 1111 663 1174 minus
688 1111 814 1174 feliciter
837 1111 869 1174 in
891 1109 1108 1173 Andromacha
1129 1110 1277 1174 Senecam
1299 1110 1480 1188 elaborasse,
1503 1131 1591 1194 qnam

333 1211 364 1274 in
385 1211 553 1292 Margarita
573 1211 624 1275 illa
652 1211 863 1274 Britannorum
886 1212 991 1293 regina
1012 1231 1065 1292 pro
1087 1210 1139 1273 filii
1160 1212 1258 1274 salute
1280 1211 1419 1274 similiter
1440 1221 1592 1293 pugnante

333 1312 534 1376 elaboraverit
554 1313 801 1395 Shalrcepearius.
844 1313 916 1376 Nou
938 1332 1033 1394 parva
1054 1312 1115 1375 ista
1137 1312 1288 1388 laus,sed,
1309 1312 1335 1374 si
1355 1333 1459 1376 verum
1482 1313 1592 1395 quaeri-

211 1431 215 1436 ·
333 1433 407 1489 mus,
440 1413 571 1477 omnium
603 1413 797 1496 amplissima,
829 1413 856 1476 si
881 1414 997 1496 quidem
1019 1413 1065 1475 ita
1089 1412 1225 1476 homines
1247 1414 1335 1494 hujus
1357 1413 1481 1476 rationis
1502 1413 1591 1495 periti

332 1514 517 1590 existimant,
539 1514 588 1597 qui
610 1513 864 1596 Shakespearium
887 1516 1027 1596 appellet,
1049 1533 1116 1576 euru
1139 1533 1196 1576 nou
1221 1513 1349 1577 hominis
1364 1534 1472 1578 nomen
1487 1514 1591 1589 videri,

331 1617 385 1678 sed
417 1615 506 1698 hujus
537 1615 636 1697 operis
669 1625 760 1698 atque
790 1616 884 1699 ipsius
912 1615 1071 1696 tragoediae
1093 1615 1199 1677 dicere.
1243 1615 1336 1696 Cujus
1358 1616 1591 1698 comparationis

330 1717 453 1798 gloriam
469 1736 558 1799 quam
580 1719 656 1781 bene
679 1717 838 1793 sustineat,
860 1735 958 1799 operae
981 1716 1109 1798 pretium
1132 1724 1179 1779 est
1200 1735 1388 1798 cognoscere.

412 1817 569 1881 Inducitur
599 1817 690 1898 igitur
720 1818 938 1881 Andromacha
963 1837 1030 1880 cum
1060 1817 1170 1880 famulo
1193 1819 1320 1899 quodam
1342 1837 1412 1881 sene
1433 1819 1470 1882 de
1492 1817 1589 1881 salute
1630 1843 1640 1854 ·

328 1919 382 1982 lilii
414 1919 647 1983 communicans.
690 1918 868 1982 Luculeutis
890 1919 938 1982 hic
960 1938 1033 1982 sane
1055 1917 1200 1992 versibus,
1221 1919 1471 2000 quemadmodum
1494 1919 1535 1982 sit
1555 1939 1590 1981 a·

329 2019 410 2084 nimo
432 2022 563 2096 adfecta,
585 2020 728 2095 declarat,
750 2040 840 2103 quum
862 2019 906 2082 ita
929 2029 1081 2083 catervam
1104 2019 1280 2101 alloquitur:

920 2153 1005 2210 llium
1027 2153 1106 2210 vobis
1126 2153 1217 2220 modo,

568 2241 639 2298 Mihi
660 2241 761 2297 cecidit
783 2240 860 2307 olim,
883 2257 947 2297 cum
968 2241 1042 2297 ferus
1063 2258 1145 2296 curru
1165 2239 1253 2296 incito

570 2329 634 2384 Mea
654 2328 782 2384 membra
803 2330 916 2398 raperet
938 2331 967 2384 et
988 2328 1071 2401 gravi
1092 2329 1216 2400 gemeret
1238 2343 1304 2383 sono

567 2415 696 2472 Peliacus
716 2417 777 2470 axis
798 2415 920 2485 pondere
940 2415 1078 2472 Hectoreo
1099 2418 1229 2471 tremens.

566 2503 645 2559 Tunc
667 2503 769 2559 obruta
790 2505 876 2573 atque
898 2519 994 2559 eversa
1015 2502 1209 2573 quodcumque
1231 2499 1334 2555 accidit

567 2591 691 2662 Torpens
712 2589 794 2645 malis
815 2590 964 2662 rigensque
985 2591 1044 2646 siue
1066 2605 1148 2645 sensu
1169 2589 1247 2730 ferre.2
1252 2675 1269 2730 6

1120 2676 1223 2732 421-
1274 2714 1281 2731 .

408 2798 560 2863 Praeclara
579 2797 633 2861 illa
654 2817 769 2880 qnoque
791 2805 937 2860 maternae
959 2796 1079 2878 pietatis
1101 2795 1294 2877 significatio:

564 2899 630 2954 Jam
651 2901 749 2969 erepta
770 2898 875 2954 Danais
897 2899 1045 2970 conjugem
1066 2913 1194 2968 sequerer
1215 2913 1319 2964 meum,

566 2985 629 3040 Nisi
649 2985 697 3041 hic
716 2988 840 3042 teneret:
862 2984 910 3042 hio
930 3002 1006 3041 meos
1027 2985 1136 3041 animoa
1157 2983 1254 3040 domat

566 3073 694 3143 Morique
714 3072 859 3143 prohibet:
883 3072 960 3144 cogit
981 3072 1028 3128 hic
1049 3071 1157 3142 aliquid
1179 3071 1244 3127 deos

565 3159 667 3216 Adhuc
691 3176 801 3232 rogare.

1119 3243 1279 3299 426-30.

407 3369 500 3450 Cujus
533 3369 570 3431 de
599 3367 696 3432 salute
718 3386 776 3450 quo
798 3365 1005 3430 vehementius
1026 3365 1260 3446 pertimesceret,
1282 3363 1364 3426 visus
1386 3362 1415 3425 in
1437 3369 1586 3424 nocturna

323 3469 423 3552 quiete
445 3471 569 3546 Hector,
591 3477 626 3533 ut
646 3467 738 3531 filium
761 3488 799 3530 ex
820 3467 949 3550 periculo
976 3467 1114 3548 eriperet,
1127 3466 1337 3548 graviteream
1350 3465 1586 3528 commonefece-

323 3579 381 3636 rat.
425 3568 494 3641 Quo
515 3571 546 3633 in
579 3569 694 3634 somnio
727 3569 966 3651 pratereundum
988 3568 1062 3631 illud
1085 3587 1145 3630 uon
1167 3573 1223 3643 est,
1245 3567 1333 3648 quod,
1355 3584 1444 3648 quarn
1467 3561 1585 3626 ardenti

322 3691 425 3736 amore
457 3671 592 3754 conjugis
625 3671 798 3734 memoriam
831 3677 1039 3754 prosequatur,
1061 3687 1144 3751 aeque
1166 3676 1197 3731 et
1220 3667 1358 3730 breviter
1378 3674 1409 3730 et
1430 3664 1583 3730 commode

323 3773 473 3932 didimia
563 3871 636 3928 Mihi
656 3871 765 3944 gelidus
786 3873 884 3930 horror
906 3889 939 3928 ac
961 3873 1066 3928 tremor
1087 3887 1215 3925 somnum
1237 3869 1346 3940 expulit

564 3958 719 4029 Oculosque
740 3977 815 4016 nuno
836 3960 891 4014 huc
912 3958 1018 4030 pavida
1038 3974 1113 4012 nunc
1134 3956 1202 4012 illuc
1224 3955 1314 4012 ferens

565 4045 663 4102 Oblita
683 4047 746 4104 nati
766 4048 868 4103 misera
889 4046 1005 4116 quaesivi
1025 4043 1185 4186 Hectorenp.
1225 4129 1264 4186 68

1117 4132 1155 4186 46
1183 4161 1217 4170 -
1267 4169 1275 4184 .

404 4249 559 4322 Quaereuti
580 4251 672 4334 igitur
693 4253 800 4328 locum,
822 4253 873 4316 ubi
894 4259 961 4317 toto
984 4253 1077 4316 latere
1099 4252 1177 4314 filius
1199 4250 1306 4333 possit,
1328 4254 1489 4329 postquam
1512 4241 1582 4305 nnl-

322 4351 368 4414 lus
391 4351 468 4416 alius
489 4355 636 4417 succurrit
657 4375 748 4438 quam
770 4354 958 4436 sepulchrum
981 4352 1130 4427 Hectoris,
1151 4369 1331 4435 quamquam
1354 4356 1385 4410 et
1407 4366 1494 4409 omen
1516 4353 1581 4407 ter-

321 4463 368 4516 ret
389 4453 509 4518 demissi
532 4457 571 4519 ad
592 4465 710 4537 patrem
733 4465 881 4519 mortuum
904 4455 955 4518 filii
983 4462 1015 4517 et
1036 4452 1192 4517 consilium
1212 4452 1311 4535 ipsum
1333 4467 1391 4512 uon
1414 4447 1501 4510 nimis
1525 4464 1580 4507 ex·

321 4554 472 4634 ploratum
506 4564 538 4618 et
569 4566 681 4619 certum
714 4557 843 4632 videtur,
876 4556 976 4639 placet
1003 4564 1105 4618 tamen
1132 4563 1266 4618 extremo
1289 4551 1345 4614 hoo
1367 4549 1411 4612 uti
1433 4545 1578 4631 perfugio.

322 4653 386 4717 Vix
406 4675 479 4737 puer
500 4657 531 4720 in
553 4657 746 4738 depulchrum
768 4658 937 4721 descendit:
960 4657 1073 4738 etjam
1094 4657 1183 4719 adest
1202 4655 1308 4719 Ulixes
1329 4651 1379 4735 qui
1390 4647 1579 4733 jussuGrae·

322 4773 424 4820 corum
445 4777 570 4842 puerum
592 4759 632 4824 ad
653 4747 832 4842 supplicium
855 4758 955 4823 ducat.
997 4758 1109 4842 Incipit
1129 4755 1356 4822 humanissime:
