3554 5406
282 543 299 598 2
766 540 796 600 0.
820 541 851 598 E.
875 541 1046 600 Sandstrbm.

281 732 373 794 quum
406 712 478 796 plus
512 731 615 794 operae
647 713 807 796 studiique
840 713 873 776 iu
896 713 1024 778 Graecas
1046 713 1171 776 litteras
1194 711 1336 774 conferre
1360 712 1538 795 coepissent

281 833 451 896 earumque
479 814 658 878 litterarum
687 813 868 877 incredibili
897 815 1032 898 quodam
1062 834 1167 878 amore
1190 813 1363 894 flagrarent
1385 815 1538 877 accessis-

280 924 388 997 setque
422 935 473 979 ars
505 915 571 991 illa,
594 935 660 998 quae
693 917 725 978 in
748 915 854 998 poesis
877 916 1052 980 rationibus
1076 914 1278 997 explorandis
1302 915 1537 997 tractandisque

280 1023 435 1092 versatur,
461 1037 529 1100 quae
559 1026 625 1080 tum
649 1018 770 1080 demum
794 1015 974 1081 Graecorum
999 1017 1170 1080 carminum
1193 1015 1358 1099 splendore
1381 1023 1538 1079 commota

280 1118 408 1180 sustulit
439 1139 473 1181 se
506 1117 601 1181 altius
634 1127 665 1180 et
693 1119 768 1200 quid
791 1117 983 1181 laudandum
1007 1127 1091 1182 esset
1110 1119 1144 1180 in
1166 1115 1334 1200 poematis,
1356 1118 1432 1198 quid
1454 1117 1539 1180 vitu-

278 1219 463 1301 perandum,
496 1229 528 1282 et
554 1218 658 1282 aerius
688 1219 882 1300 investigare
911 1229 943 1282 et
965 1219 1124 1301 explicare
1153 1217 1299 1282 subtilius
1321 1217 1474 1292 instituit,
1497 1218 1537 1281 ab

279 1319 333 1382 illo
362 1339 437 1383 vero
464 1329 604 1403 tempore
625 1321 832 1402 paucissimos
855 1320 1024 1395 inveneris,
1048 1321 1101 1404 qui
1131 1319 1254 1402 quidem
1278 1325 1334 1381 aut
1356 1319 1456 1400 gloria
1478 1318 1538 1382 hu·

275 1419 328 1500 jus
351 1421 430 1484 artis
454 1421 562 1504 aliqua
583 1423 733 1484 florerent
755 1431 809 1484 aut
831 1421 1011 1502 integritate
1031 1421 1143 1502 judicii
1166 1426 1340 1494 uterentur,
1356 1421 1407 1501 qui
1425 1421 1462 1482 de
1478 1420 1538 1484 hoc

280 1521 401 1586 Seneca
423 1531 585 1605 tamquam
609 1523 647 1585 de
671 1530 767 1603 poeta
788 1542 862 1585 vere
884 1522 1005 1604 tragico
1035 1521 1257 1604 judicaverint.
1288 1519 1338 1583 Ac
1359 1541 1448 1604 paene
1463 1540 1538 1602 pro-

278 1622 389 1704 fligata
407 1623 473 1704 jam
503 1643 571 1686 esse
595 1623 724 1705 quaestio
747 1622 917 1698 videretur,
940 1623 1002 1686 nisi
1025 1619 1251 1706 etLessing1)
1274 1621 1424 1697 viderem,
1436 1621 1537 1686 virum

279 1723 430 1788 acerrimo
453 1725 578 1806 ingenio
600 1724 778 1804 praeditum,
789 1724 858 1804 plus
881 1723 979 1788 multo
991 1724 1078 1787 hisce
1093 1723 1267 1805 tragoediis
1279 1722 1429 1786 tribuisse
1446 1743 1536 1804 quam

279 1845 359 1888 nuno
388 1824 513 1906 quidem
546 1825 640 1906 vulgo
673 1847 692 1887 a
723 1826 801 1888 vlris
830 1825 932 1888 doctis
955 1825 1106 1890 tribuitur
1128 1834 1160 1888 et
1181 1843 1281 1905 nuper
1303 1823 1384 1886 alius
1407 1823 1535 1906 quidam

280 1926 457 1989 exstitisset
487 1927 582 1990 Klein
592 1925 630 2010 ²),
663 1926 714 2009 qui
745 1927 837 1989 modo
861 1927 908 1988 ita
930 1935 1141 1990 contemneret
1162 1925 1312 1991 Senecam
1335 1933 1370 1988 ut
1392 1925 1446 2007 qui
1469 1945 1537 1988 ma-

278 2028 381 2103 xime,
414 2028 506 2090 modo
539 2034 603 2090 tam
637 2027 803 2109 magnifice
836 2027 980 2090 laudaret
1012 2047 1106 2111 quam
1141 2027 1193 2110 qui
1217 2025 1536 2108 magnificentissime.

278 2127 418 2198 Quorum
451 2129 542 2205 alter,
566 2147 754 2211 quamquam
783 2148 852 2210 quae
876 2129 914 2191 de
937 2127 1064 2193 Senecae
1087 2127 1260 2210 tragoediis
1283 2126 1412 2209 scripsit
1434 2135 1466 2190 et
1482 2127 1536 2210 ju-

277 2230 366 2292 venis
400 2228 528 2311 scripsit
560 2239 593 2292 et
625 2228 731 2292 nescio
765 2249 806 2292 an
840 2228 946 2292 animo
980 2250 1040 2292 nou
1067 2230 1148 2292 satis
1171 2229 1307 2310 integro,
1330 2227 1446 2310 quippe
1468 2227 1535 2310 qui,

277 2331 352 2392 dum
375 2329 549 2393 studiosius
574 2337 736 2413 oppugnat
758 2331 842 2412 quod
866 2349 904 2393 ea
927 2337 1021 2394 aetate
1039 2331 1070 2394 in
1094 2331 1211 2393 litteris
1229 2329 1359 2411 vigebat
1369 2329 1536 2407 judicium,

279 2441 310 2493 et
332 2438 434 2494 artem
457 2431 615 2512 poeticam
638 2451 657 2493 a
679 2431 958 2513 Francogallorum
980 2432 1105 2495 ratione
1129 2430 1168 2493 ad
1184 2439 1327 2494 veterum
1345 2431 1533 2512 scriptorum

277 2552 419 2597 normam
453 2552 601 2596 revocare
635 2540 775 2607 conatur,
797 2532 848 2595 vel
871 2533 978 2596 omnia
1000 2534 1199 2614 antiquarum
1224 2531 1399 2595 litterarum
1424 2551 1535 2594 monu-

277 2642 386 2697 menta
407 2642 567 2715 tamquam
589 2633 742 2713 religione
765 2635 899 2715 quadam
921 2635 1058 2697 imbutus
1080 2635 1112 2697 in
1137 2632 1257 2697 coelum
1270 2632 1415 2696 laudibus
1432 2631 1535 2695 extol-

278 2734 367 2810 leret,
400 2744 506 2798 tamen
541 2755 609 2817 quae
644 2742 692 2796 est
725 2735 786 2797 viri
810 2735 984 2798 auctoritas
1007 2745 1038 2798 et
1061 2735 1141 2797 mira
1163 2735 1302 2816 quaedam
1324 2733 1358 2797 in
1379 2733 1440 2797 hac
1461 2733 1535 2814 ipsa

278 2836 401 2899 ratione
423 2835 604 2919 prudentia,
626 2835 751 2917 impulit
772 2855 831 2911 me,
860 2846 895 2898 ut
916 2855 974 2918 par
996 2845 1075 2911 erat,
1098 2845 1130 2899 et
1152 2835 1318 2910 excitavit,
1330 2843 1365 2898 ut
1377 2835 1534 2898 rationum

278 2956 415 3000 mearum
449 2944 609 2999 momenta
641 2937 735 2998 ctiam
769 2944 865 3019 atque
894 2937 989 3000 etiam
1014 2936 1181 3019 diligenter
1203 2937 1428 3018 expenderem3
1450 2935 1534 2999 alte·

277 3039 343 3101 rius
366 3037 522 3101 dissensio
550 3045 679 3100 eatenus
701 3036 814 3113 valuit,
837 3044 955 3101 utnon
978 3057 1047 3102 eum
1068 3047 1195 3121 poetam
1218 3038 1458 3120 reprehendere,
1481 3035 1533 3119 qai

274 3140 339 3222 jam
372 3139 412 3202 ab
446 3138 591 3202 omnibus
614 3147 698 3201 esset
722 3139 866 3216 patronis
890 3139 1071 3218 destitutus,
1101 3149 1156 3203 aut
1176 3139 1209 3202 in
1232 3157 1266 3202 re
1289 3139 1460 3202 manifesta
1482 3146 1533 3200 at-

277 3261 334 3323 que
356 3239 537 3304 indubitata
559 3240 765 3322 nequicquam
788 3239 886 3302 verba
907 3260 1090 3304 consumere
1111 3241 1247 3304 viderer.

360 3359 515 3422 Profiteor
543 3357 625 3421 enim
650 3378 707 3433 me,
730 3366 765 3420 ut
782 3357 850 3438 jem
873 3358 913 3421 ab
935 3357 1027 3422 initio
1050 3358 1203 3440 judicium
1229 3377 1331 3420 meum
1359 3355 1531 3439 aperiatur,

275 3459 411 3544 probare
444 3459 648 3522 vehementer
677 3459 759 3541 quod
784 3460 821 3521 de
844 3459 895 3520 his
918 3459 1091 3541 tragoediis
1113 3459 1301 3543 Bernhardy
1324 3457 1532 3534 existimavit,

277 3561 358 3644 quod
380 3561 499 3623 Nisard
508 3562 548 3646 ³),
571 3561 651 3642 quod
673 3559 714 3622 A.
737 3561 790 3624 W.
813 3579 843 3622 v.
866 3560 1009 3641 Schlegel
1023 3558 1053 3645 ⁴)
1076 3560 1290 3643 imprimisque
1312 3559 1416 3641 hujus,
1439 3579 1529 3641 quem

277 3670 416 3726 extremo
439 3663 507 3724 loeo
530 3660 702 3735 nominavi,
715 3661 794 3723 adeo
818 3660 896 3723 mihi
919 3680 995 3724 vera
1017 3661 1175 3724 sententia
1196 3661 1331 3736 videtur,
1347 3679 1532 3742 quumprae·

276 3763 384 3827 sertim
406 3762 450 3825 sit
470 3762 643 3845 perbrevis,
664 3763 773 3844 utqui
795 3762 833 3824 de
855 3780 966 3843 genere
989 3769 1111 3825 tanturn
1133 3772 1164 3826 et
1186 3763 1275 3844 quasi
1298 3763 1335 3824 de
1351 3759 1456 3824 indole
1472 3760 1532 3821 ha-

276 3885 344 3928 rum
366 3863 602 3946 tragoediarum
625 3861 735 3925 audire
758 3863 923 3946 cupiverit,
946 3862 1025 3926 nihil
1048 3863 1370 3939 sanesitbabiturus,
1385 3881 1440 3925 cur
1456 3869 1532 3943 post

275 3965 362 4028 illius
380 3965 534 4046 judicium
553 3965 635 4028 alins
656 3962 837 4046 cujusquam
852 3964 1001 4046 requirat.
1023 3965 1106 4028 Nam
1118 3964 1256 4046 singulas
1269 3963 1394 4046 quidem
1407 3961 1531 4026 fabulas

275 4067 422 4150 persequi
445 4085 543 4150 neque
565 4066 618 4129 ille
641 4064 768 4128 induxit
788 4065 821 4128 in
845 4065 983 4128 animum
1005 4086 1106 4148 neque
1128 4066 1210 4129 alius
1233 4065 1399 4149 quisquam
1413 4083 1531 4140 eorum,

277 4167 330 4252 qui
363 4169 394 4230 in
410 4227 414 4246 ,
428 4168 538 4230 eadem
568 4167 680 4249 judicii
703 4165 875 4230 severitate
897 4175 1078 4232 versantur:
1101 4167 1162 4230 nisi
1185 4167 1268 4250 quod
1290 4164 1410 4229 Nisard
1433 4165 1531 4230 Oedi-

346 4367 366 4442 ¹)
389 4370 434 4425 W.
458 4369 560 4435 XXIII,
583 4387 612 4439 p.
638 4369 696 4423 127
722 4385 746 4423 e.
771 4386 798 4438 q.
822 4385 843 4422 s.
870 4368 929 4422 164
953 4384 977 4422 e.
1002 4386 1029 4438 q.
1053 4387 1074 4422 s.
1100 4367 1172 4423 227.

341 4469 366 4546 ²)
389 4473 487 4528 Gesch.
510 4473 538 4529 d.
561 4473 688 4528 Dramab.
711 4471 747 4537 Il,
771 4490 820 4542 pp.
846 4472 1025 4527 351-468.

343 4571 366 4648 ³)
389 4577 492 4632 Etudes
524 4577 558 4631 de
591 4594 699 4632 moeurs
732 4578 760 4631 et
785 4575 819 4630 de
846 4575 965 4646 critique
987 4593 1033 4630 sur
1054 4576 1094 4631 les
1116 4577 1212 4646 polites
1233 4574 1319 4631 latins
1341 4573 1374 4630 de
1396 4573 1426 4628 la
1447 4573 1529 4628 deoa-

275 4665 361 4721 denoe
383 4683 435 4736 par
457 4665 491 4720 D.
514 4663 616 4718 Nisard
641 4663 682 4717 ΙΙΙ
705 4663 755 4716 Ed.
777 4661 801 4728 Ι,
824 4679 852 4732 p.
879 4663 937 4717 119
961 4679 986 4719 e.
1010 4681 1038 4733 q.
1062 4681 1083 4718 s.

293 4755 295 4761 Ι
341 4765 365 4846 ⁴)
388 4768 486 4825 (iasab.
510 4768 537 4825 d.
561 4769 650 4826 duam.
673 4765 765 4823 Konst
786 4767 823 4836 Π,
846 4785 875 4839 p.
900 4767 937 4824 25
962 4783 987 4823 e.
1010 4785 1038 4842 q.
1061 4784 1083 4822 s.
