3508 5404
336 491 376 548 to
828 495 858 553 0.
882 496 914 554 1.
937 495 1109 556 &admon

416 663 567 728 Parumne
593 664 729 744 graviter
756 668 969 734 exacerbatum
998 669 1109 749 inlunis
1139 669 1272 736 animum
1294 670 1463 751 signifieat?
1496 671 1597 744 Quid?

333 763 428 827 Dolor
449 765 582 844 ejusdem
605 777 636 828 et
658 765 835 844 indignitas,
865 787 955 852 quum
979 779 1076 833 mater
1096 789 1178 846 eom,
1211 780 1245 833 ut
1271 771 1356 836 iratri
1381 791 1470 852 reguo
1490 793 1596 836 conoe·

334 866 401 941 dat,
424 865 578 940 hortetur,
601 885 699 930 nonne
721 869 797 932 satis
820 869 1012 934 vehementer
1032 871 1232 952 exprimitur?

574 967 614 1024 Ut
635 967 769 1040 profugus
790 985 880 1026 errem
901 971 1029 1041 semper?
1061 971 1101 1028 Ut
1122 973 1219 1044 petrin
1241 989 1338 1030 eruens

576 1054 719 1126 Opemque
741 1056 834 1130 gentis
855 1057 956 1130 hospes
978 1060 1100 1114 exterum
1122 1060 1242 1130 sequar?

576 1141 647 1210 Quid
669 1144 781 1213 paterer
803 1145 895 1210 eliud,
919 1145 942 1200 si
963 1143 1122 1202 fefellissem
1144 1145 1241 1214 fidem,

573 1229 603 1285 Si
624 1229 810 1308 pejerasseru'?
847 1232 964 1288 Fraudis
986 1232 1084 1288 eliense
1107 1233 1181 1289 dabo

575 1317 696 1384 Poenus,
725 1319 756 1374 at
777 1317 827 1374 ille
849 1320 995 1389 praemium
1017 1319 1152 1376 scelernm
1175 1319 1267 1376 ieret?

573 1404 659 1460 tubes
680 1404 771 1460 abire:
796 1405 895 1461 metris
917 1404 1035 1478 imperio
1057 1407 1206 1478 obsequor,

576 1491 621 1547 Da
641 1507 697 1562 quo
718 1495 854 1550 revertar.

1134 1600 1162 1638 v.
1187 1580 1347 1638 tot-30.

413 1699 496 1763 Beue
518 1699 645 1764 alterius
667 1717 782 1782 qnoque
805 1699 907 1766 fratris
930 1702 1065 1783 ingentes
1087 1699 1212 1783 spiritus
1235 1701 1439 1768 declarantur:

465 1799 521 1857 Ioc.
1075 1801 1193 1872 Sceptra
1214 1801 1349 1860 'l'lrebano
1371 1801 1425 1861 isit

574 1887 692 1958 Impune
713 1887 786 1944 nulli
808 1905 918 1960 gerere,
941 1903 992 1944 neo
1014 1889 1163 1960 quisquam
1184 1889 1239 1946 ilde

574 1973 671 2046 Rupta
691 1975 800 2032 tenebit
821 1975 881 2034 illa.
926 1977 991 2032 Jam
1012 1993 1141 2032 numeros
1161 1975 1230 2034 lieet

572 2061 699 2119 Fratrem
722 2062 796 2119 iuter
818 2063 895 2120 utos

463 2144 543 2204 Eleo.
943 2150 1086 2208 Numeret.
1116 2151 1165 2208 Est
1186 2149 1262 2206 tanti
1285 2149 1355 2206 mihi

572 2235 641 2292 Cum
663 2237 774 2308 regibus
792 2237 895 2309 jecere.
940 2235 979 2292 Te
1001 2238 1091 2294 turbm
1112 2237 1225 2293 exulum

572 2323 697 2380 Ascribe.

1125 2429 1152 2469 r.
1177 2411 1336 2466 teo-92.

411 2496 564 2561 Extremie
586 2517 657 2561 vero
679 2497 767 2582 hujus
790 2499 949 2580 fragmenti
972 2499 1121 2575 versibus,
1149 2497 1199 2582 qui
1227 2516 1265 2562 ex
1285 2496 1440 2582 Polynicis
1461 2517 1591 2582 persona

328 2595 487 2662 dicuntur:

1003 2733 1007 2740 -
1079 2699 1134 2758 Pro
1156 2715 1243 2774 regno
1264 2699 1351 2756 selim

571 2785 698 2842 Patriam
720 2790 836 2858 penates
859 2786 991 2859 conjuges
1012 2785 1132 2843 flammis
1153 2787 1230 2843 dere.

571 2871 693 2944 Imperia
714 2873 806 2943 pretio
827 2874 953 2944 quolibet
975 2876 1107 2930 conmuni
1128 2875 1208 2931 bene.

328 2955 408 3021 hand
430 2957 591 3022 infeliciter
613 2961 786 3042 Euripidios
808 2961 875 3023 illos
896 2960 1013 3024 Seneca
1035 2981 1141 3026 versus
1162 2959 1320 3026 emutatus
1342 2965 1406 3034 est,
1428 2979 1502 3042 quos
1520 2959 1588 3025 Om-

328 3077 428 3123 sarem
450 3079 594 3144 usurpare
614 3061 735 3124 solitum
758 3081 823 3124 esse
845 3063 1031 3144 accepimus:

526 3163 615 3248 εἴπερ
635 3159 699 3249 γὰρ
721 3157 846 3227 &deserv
867 3162 941 3248 χρή,
965 3161 1156 3251 τυραννίδος
1177 3165 1250 3248 πέρι

529 3263 700 3331 κάλλιπον
720 3260 863 3342 ἀδικεῖν,
885 3263 987 3330 τᾶλλα
1009 3261 1043 3330 d'
1063 3259 1205 3349 εὐσεβεῖν
1224 3261 1338 3350 χρεών.

1098 3369 1204 3426 Phoen.
1229 3367 1388 3426 ott-25.

410 3486 485 3549 Tale
507 3487 564 3552 hoe
586 3490 784 3569 fragmentum
806 3487 955 3570 posterius
976 3496 1039 3552 est:
1062 3489 1093 3552 iu
1115 3509 1172 3572 quo
1193 3499 1296 3554 tamen
1319 3487 1414 3551 multe
1434 3493 1466 3549 et
1486 3485 1585 3568 inepte

327 3595 360 3650 et
387 3595 527 3669 corrupte
553 3588 636 3652 dieta
663 3587 801 3670 reperiri,
836 3589 976 3671 quoniam
999 3589 1037 3652 de
1058 3589 1173 3654 Seneca
1195 3591 1358 3673 loquimur,
1395 3587 1506 3649 addere
1527 3605 1584 3650 non

326 3694 373 3750 est
400 3690 607 3754 necessarium.
650 3689 712 3754 Sed
738 3689 849 3753 idcirco
878 3690 991 3754 diutins
1022 3690 1052 3752 in
1083 3710 1118 3753 eo
1144 3691 1253 3755 morati
1274 3709 1378 3754 sumus
1399 3706 1492 3770 eoque
1514 3707 1585 3750 cou-

327 3787 404 3864 silio,
425 3809 492 3870 qoae
513 3790 642 3854 eminere
664 3791 728 3870 ejus
750 3789 941 3866 videbantur,
962 3799 994 3855 et
1013 3791 1177 3856 studiosius
1198 3789 1457 3874 transscripsimus
1472 3797 1503 3851 et
1519 3787 1583 3850 lan·

325 3889 466 3954 damnus
497 3889 651 3973 pluribus,
684 3898 718 3954 ut
746 3891 834 3955 nimis
861 3911 996 3955 severum
1023 3901 1112 3974 atque
1140 3895 1213 3956 adeo
1239 3893 1328 3976 plene
1355 3892 1462 3954 islaum
1488 3889 1585 3952 Beru-

326 3989 435 4073 lsardyi
457 3991 496 4054 de
517 3991 567 4056 lris
590 3992 762 4075 fragmentis
779 3992 925 4074 judicium
948 3993 1171 4069 refelleremus3
1192 3995 1242 4077 qui
1265 4013 1323 4057 uno
1345 4012 1382 4056 ee
1404 3991 1469 4054 sive
1484 3991 1584 4054 Phoe·

327 4091 478 4154 missarum
511 4093 576 4156 sire
598 4094 777 4157 Thebaidis.
797 4093 916 4157 nomine
948 4093 1201 4176 comprehendens
1233 4105 1265 4158 et
1296 4113 1351 4178 pro
1382 4091 1462 4154 virili
1493 4100 1583 4176 perte

324 4192 463 4274 exagitat
493 4203 586 4277 atque
623 4195 788 4260 coutemnit
825 4204 857 4258 et
883 4195 1019 4277 Lipsium
1060 4196 1249 4278 reprehendit
1284 4196 1493 4268 vehementes,
1536 4191 1583 4274 qni

326 4295 433 4358 eadem
472 4296 519 4358 vel
557 4296 849 4377 magnificentissime
894 4296 1068 4362 laudaverit
1140 4297 1236 4379 Cujus
1280 4305 1369 4360 tanta
1405 4293 1583 4376 judiciorum

325 4394 509 4458 diversitatis
556 4417 622 4478 quae
660 4415 754 4460 causa
790 4397 883 4460 inerit
920 4405 1012 4480 atque
1049 4398 1145 4480 origo,
1190 4399 1278 4462 lacile
1309 4395 1438 4480 perspici
1469 4401 1585 4476 potest:

327 4496 490 4572 nimirum,
532 4497 602 4560 dnm
640 4498 699 4561 dno
744 4497 807 4561 lraeo
851 4498 1022 4578 fragmenta
1063 4519 1154 4563 unam
1197 4520 1262 4564 esse
1306 4498 1437 4562 tabularu
1474 4503 1583 4577 putant

325 4597 453 4680 dumque
484 4617 544 4661 uno
568 4597 682 4679 judicio
714 4618 761 4662 res
789 4599 865 4662 duas
894 4598 1108 4664 dissimillimas
1135 4600 1407 4683 comprehendunt,
1439 4597 1490 4660 ille
1519 4617 1584 4660 ma-

325 4698 371 4778 gis
403 4699 510 4781 prioris
543 4697 720 4782 fragmenti,
752 4699 801 4764 hic
831 4699 1004 4783 posterioris
1025 4702 1172 4766 rationem
1197 4702 1319 4778 hebuit3
1356 4718 1450 4781 eoque
1472 4699 1583 4763 lactum
