<?xml version="1.0" encoding="UTF-8"?>
<!DOCTYPE html PUBLIC "-//W3C//DTD XHTML 1.0 Transitional//EN"
    "http://www.w3.org/TR/xhtml1/DTD/xhtml1-transitional.dtd">
<html xmlns="http://www.w3.org/1999/xhtml" xml:lang="en" lang="en">
 <head>
  <title>
</title>
<meta http-equiv="Content-Type" content="text/html;charset=utf-8" />
  <meta name='ocr-system' content='tesseract 3.04.00' />
  <meta name='ocr-capabilities' content='ocr_page ocr_carea ocr_par ocr_line ocrx_word'/>
</head>
<body>
  <div class='ocr_page' id='page_1' title='image "./delannaeiseneca00sandgoog_0091.png"; bbox 0 0 3508 5404; ppageno 0'>
   <div class='ocr_carea' id='block_1_1' title="bbox 320 499 1092 560">
    <p class='ocr_par' dir='ltr' id='par_1_1' title="bbox 320 499 1092 560">
     <span class='ocr_line' id='line_1_1' title="bbox 320 499 1092 560; baseline -0.003 0"><span class='ocrx_word' id='word_1_1' title='bbox 320 504 359 560; x_wconf 74' lang='lat'><strong>82</strong></span> <span class='ocrx_word' id='word_1_2' title='bbox 812 499 843 558; x_wconf 84' lang='lat'><strong>0.</strong></span> <span class='ocrx_word' id='word_1_3' title='bbox 865 501 898 558; x_wconf 81' lang='lat' dir='ltr'><strong>lt.</strong></span> <span class='ocrx_word' id='word_1_4' title='bbox 921 499 1092 558; x_wconf 79' lang='lat' dir='ltr'><strong>Sandstrdm.</strong></span> 
     </span>
    </p>
   </div>
   <div class='ocr_carea' id='block_1_2' title="bbox 319 669 1580 2169">
    <p class='ocr_par' dir='ltr' id='par_1_2' title="bbox 319 669 1580 1060">
     <span class='ocr_line' id='line_1_2' title="bbox 401 669 1580 754; baseline -0.004 -15"><span class='ocrx_word' id='word_1_5' title='bbox 401 672 534 740; x_wconf 70' lang='lat' dir='ltr'><strong>conum</strong></span> <span class='ocrx_word' id='word_1_6' title='bbox 558 671 683 737; x_wconf 72' lang='lat' dir='ltr'><strong>mndsm</strong></span> <span class='ocrx_word' id='word_1_7' title='bbox 708 673 829 736; x_wconf 89' lang='lat' dir='ltr'><strong>domum</strong></span> <span class='ocrx_word' id='word_1_8' title='bbox 853 671 1005 754; x_wconf 77' lang='lat' dir='ltr'><strong>irrumpit:</strong></span> <span class='ocrx_word' id='word_1_9' title='bbox 1037 691 1128 754; x_wconf 88' lang='lat' dir='ltr'><strong>quarn</strong></span> <span class='ocrx_word' id='word_1_10' title='bbox 1155 671 1207 736; x_wconf 87' lang='lat' dir='ltr'><strong>nbi</strong></span> <span class='ocrx_word' id='word_1_11' title='bbox 1229 673 1328 736; x_wconf 86' lang='lat' dir='ltr'><strong>lurore</strong></span> <span class='ocrx_word' id='word_1_12' title='bbox 1348 669 1469 753; x_wconf 86' lang='lat' dir='ltr'><strong>penitus</strong></span> <span class='ocrx_word' id='word_1_13' title='bbox 1489 689 1580 736; x_wconf 91' lang='lat' dir='ltr'><strong>com-</strong></span> 
     </span>
     <span class='ocr_line' id='line_1_3' title="bbox 320 772 1580 858; baseline -0.002 -20"><span class='ocrx_word' id='word_1_14' title='bbox 320 774 429 858; x_wconf 88' lang='lat' dir='ltr'><strong>plevit,</strong></span> <span class='ocrx_word' id='word_1_15' title='bbox 456 793 546 856; x_wconf 86' lang='lat' dir='ltr'><strong>quum</strong></span> <span class='ocrx_word' id='word_1_16' title='bbox 563 773 628 854; x_wconf 82' lang='lat' dir='ltr'><strong>jam</strong></span> <span class='ocrx_word' id='word_1_17' title='bbox 650 773 772 838; x_wconf 87' lang='lat' dir='ltr'><strong>horrore</strong></span> <span class='ocrx_word' id='word_1_18' title='bbox 792 781 933 855; x_wconf 81' lang='lat' dir='ltr'><strong>aspectus</strong></span> <span class='ocrx_word' id='word_1_19' title='bbox 954 773 1018 854; x_wconf 77' lang='lat' dir='ltr'><strong>eJua</strong></span> <span class='ocrx_word' id='word_1_20' title='bbox 1044 783 1077 836; x_wconf 91' lang='lat' dir='ltr'><strong>st</strong></span> <span class='ocrx_word' id='word_1_21' title='bbox 1096 773 1221 836; x_wconf 84' lang='lat' dir='ltr'><strong>flumina</strong></span> <span class='ocrx_word' id='word_1_22' title='bbox 1242 772 1420 836; x_wconf 84' lang='lat' dir='ltr'><strong>relabuntur</strong></span> <span class='ocrx_word' id='word_1_23' title='bbox 1439 780 1474 836; x_wconf 88' lang='lat' dir='ltr'><strong>et</strong></span> <span class='ocrx_word' id='word_1_24' title='bbox 1492 789 1580 836; x_wconf 84' lang='lat' dir='ltr'><strong>mare</strong></span> 
     </span>
     <span class='ocr_line' id='line_1_4' title="bbox 320 871 1580 958; baseline -0.005 -18"><span class='ocrx_word' id='word_1_25' title='bbox 320 873 467 940; x_wconf 75' lang='lat' dir='ltr'><strong>decrescit</strong></span> <span class='ocrx_word' id='word_1_26' title='bbox 499 883 530 938; x_wconf 88' lang='lat' dir='ltr'><strong>et</strong></span> <span class='ocrx_word' id='word_1_27' title='bbox 561 874 615 938; x_wconf 88' lang='lat' dir='ltr'><strong>Sol</strong></span> <span class='ocrx_word' id='word_1_28' title='bbox 646 874 710 958; x_wconf 89' lang='lat' dir='ltr'><strong>ipse</strong></span> <span class='ocrx_word' id='word_1_29' title='bbox 738 875 900 958; x_wconf 89' lang='lat' dir='ltr'><strong>producere</strong></span> <span class='ocrx_word' id='word_1_30' title='bbox 927 874 1005 939; x_wconf 92' lang='lat' dir='ltr'><strong>diem</strong></span> <span class='ocrx_word' id='word_1_31' title='bbox 1028 880 1204 950; x_wconf 63' lang='lat' dir='ltr'><strong>canentur,</strong></span> <span class='ocrx_word' id='word_1_32' title='bbox 1236 892 1339 938; x_wconf 87' lang='lat' dir='ltr'><strong>rursus</strong></span> <span class='ocrx_word' id='word_1_33' title='bbox 1361 872 1401 936; x_wconf 88' lang='lat' dir='ltr'><strong>ad</strong></span> <span class='ocrx_word' id='word_1_34' title='bbox 1423 881 1495 936; x_wconf 87' lang='lat' dir='ltr'><strong>nota</strong></span> <span class='ocrx_word' id='word_1_35' title='bbox 1516 871 1580 936; x_wconf 88' lang='lat' dir='ltr'><strong>sibi</strong></span> 
     </span>
     <span class='ocr_line' id='line_1_5' title="bbox 319 974 657 1060; baseline -0.006 -20"><span class='ocrx_word' id='word_1_36' title='bbox 319 976 466 1060; x_wconf 86' lang='lat' dir='ltr'><strong>supplicia</strong></span> <span class='ocrx_word' id='word_1_37' title='bbox 488 974 657 1039; x_wconf 79' lang='lat' dir='ltr'><strong>revolvitur.</strong></span> 
     </span>
    </p>

    <p class='ocr_par' dir='ltr' id='par_1_3' title="bbox 320 1075 1578 2169">
     <span class='ocr_line' id='line_1_6' title="bbox 403 1075 1578 1157; baseline -0.002 -17"><span class='ocrx_word' id='word_1_38' title='bbox 403 1076 563 1140; x_wconf 87' lang='lat' dir='ltr'><strong>Laudatus</strong></span> <span class='ocrx_word' id='word_1_39' title='bbox 584 1075 634 1140; x_wconf 87' lang='lat' dir='ltr'><strong>hio</strong></span> <span class='ocrx_word' id='word_1_40' title='bbox 655 1076 739 1140; x_wconf 89' lang='lat' dir='ltr'><strong>locus</strong></span> <span class='ocrx_word' id='word_1_41' title='bbox 758 1085 790 1140; x_wconf 89' lang='lat' dir='ltr'><strong>at</strong></span> <span class='ocrx_word' id='word_1_42' title='bbox 808 1075 874 1157; x_wconf 87' lang='lat' dir='ltr'><strong>jore</strong></span> <span class='ocrx_word' id='word_1_43' title='bbox 895 1075 1038 1140; x_wconf 88' lang='lat' dir='ltr'><strong>laudatus</strong></span> <span class='ocrx_word' id='word_1_44' title='bbox 1059 1075 1099 1138; x_wconf 90' lang='lat' dir='ltr'><strong>ab</strong></span> <span class='ocrx_word' id='word_1_45' title='bbox 1121 1075 1259 1139; x_wconf 91' lang='lat' dir='ltr'><strong>omnibus</strong></span> <span class='ocrx_word' id='word_1_46' title='bbox 1282 1085 1337 1141; x_wconf 86' lang='lat' dir='ltr'><strong>est.</strong></span> <span class='ocrx_word' id='word_1_47' title='bbox 1369 1075 1475 1139; x_wconf 80' lang='lat' dir='ltr'>Habet</span> <span class='ocrx_word' id='word_1_48' title='bbox 1496 1075 1578 1138; x_wconf 90' lang='lat' dir='ltr'><strong>enim</strong></span> 
     </span>
     <span class='ocr_line' id='line_1_7' title="bbox 321 1176 1578 1260; baseline -0.003 -18"><span class='ocrx_word' id='word_1_49' title='bbox 321 1177 479 1260; x_wconf 76' lang='lat' dir='ltr'><strong>imaginem</strong></span> <span class='ocrx_word' id='word_1_50' title='bbox 503 1195 622 1252; x_wconf 89' lang='lat' dir='ltr'><strong>novam,</strong></span> <span class='ocrx_word' id='word_1_51' title='bbox 644 1177 799 1254; x_wconf 89' lang='lat' dir='ltr'><strong>audacem,</strong></span> <span class='ocrx_word' id='word_1_52' title='bbox 820 1177 973 1258; x_wconf 80' lang='lat' dir='ltr'><strong>grandem,</strong></span> <span class='ocrx_word' id='word_1_53' title='bbox 995 1176 1196 1258; x_wconf 83' lang='lat' dir='ltr'><strong>magnificam:</strong></span> <span class='ocrx_word' id='word_1_54' title='bbox 1218 1177 1249 1240; x_wconf 92' lang='lat' dir='ltr'><strong>in</strong></span> <span class='ocrx_word' id='word_1_55' title='bbox 1271 1197 1330 1260; x_wconf 87' lang='lat' dir='ltr'><strong>qus</strong></span> <span class='ocrx_word' id='word_1_56' title='bbox 1351 1185 1463 1246; x_wconf 85' lang='lat' dir='ltr'><strong>tanuen.</strong></span> <span class='ocrx_word' id='word_1_57' title='bbox 1485 1176 1510 1239; x_wconf 92' lang='lat' dir='ltr'><strong>si</strong></span> <span class='ocrx_word' id='word_1_58' title='bbox 1525 1195 1578 1240; x_wconf 90' lang='lat' dir='ltr'><strong>re-</strong></span> 
     </span>
     <span class='ocr_line' id='line_1_8' title="bbox 320 1276 1578 1364; baseline -0.002 -22"><span class='ocrx_word' id='word_1_59' title='bbox 320 1277 565 1364; x_wconf 88' lang='lat' dir='ltr'><strong>prehendendum</strong></span> <span class='ocrx_word' id='word_1_60' title='bbox 598 1276 709 1360; x_wconf 87' lang='lat' dir='ltr'><strong>aliquid</strong></span> <span class='ocrx_word' id='word_1_61' title='bbox 742 1287 803 1353; x_wconf 86' lang='lat' dir='ltr'><strong>est,</strong></span> <span class='ocrx_word' id='word_1_62' title='bbox 839 1277 869 1341; x_wconf 94' lang='lat' dir='ltr'><strong>id</strong></span> <span class='ocrx_word' id='word_1_63' title='bbox 893 1279 1024 1342; x_wconf 83' lang='lat' dir='ltr'><strong>sortasse</strong></span> <span class='ocrx_word' id='word_1_64' title='bbox 1044 1277 1219 1358; x_wconf 90' lang='lat' dir='ltr'><strong>reprehendi</strong></span> <span class='ocrx_word' id='word_1_65' title='bbox 1239 1285 1355 1359; x_wconf 90' lang='lat' dir='ltr'><strong>potest,</strong></span> <span class='ocrx_word' id='word_1_66' title='bbox 1386 1277 1465 1360; x_wconf 89' lang='lat' dir='ltr'><strong>qood</strong></span> <span class='ocrx_word' id='word_1_67' title='bbox 1483 1295 1578 1358; x_wconf 70' lang='lat' dir='ltr'><strong>gram</strong></span> 
     </span>
     <span class='ocr_line' id='line_1_9' title="bbox 321 1377 1577 1461; baseline -0.002 -17"><span class='ocrx_word' id='word_1_68' title='bbox 321 1377 411 1444; x_wconf 85' lang='lat' dir='ltr'><strong>ditati</strong></span> <span class='ocrx_word' id='word_1_69' title='bbox 431 1397 530 1443; x_wconf 90' lang='lat' dir='ltr'><strong>rerum</strong></span> <span class='ocrx_word' id='word_1_70' title='bbox 552 1379 752 1461; x_wconf 73' lang='lat' dir='ltr'><strong>postmontis,</strong></span> <span class='ocrx_word' id='word_1_71' title='bbox 773 1378 981 1461; x_wconf 76' lang='lat' dir='ltr'><strong>perspicuitati</strong></span> <span class='ocrx_word' id='word_1_72' title='bbox 1003 1397 1062 1442; x_wconf 91' lang='lat' dir='ltr'><strong>non</strong></span> <span class='ocrx_word' id='word_1_73' title='bbox 1085 1377 1158 1442; x_wconf 91' lang='lat' dir='ltr'><strong>item</strong></span> <span class='ocrx_word' id='word_1_74' title='bbox 1181 1379 1339 1444; x_wconf 80' lang='lat' dir='ltr'><strong>consuluit</strong></span> <span class='ocrx_word' id='word_1_75' title='bbox 1374 1379 1455 1442; x_wconf 91' lang='lat' dir='ltr'><strong>Nam</strong></span> <span class='ocrx_word' id='word_1_76' title='bbox 1476 1377 1577 1442; x_wconf 86' lang='lat' dir='ltr'><strong>Furiae</strong></span> 
     </span>
     <span class='ocr_line' id='line_1_10' title="bbox 321 1479 1577 1564; baseline -0.003 -20"><span class='ocrx_word' id='word_1_77' title='bbox 321 1487 354 1544; x_wconf 88' lang='lat' dir='ltr'><strong>at</strong></span> <span class='ocrx_word' id='word_1_78' title='bbox 381 1499 447 1563; x_wconf 87' lang='lat' dir='ltr'><strong>quse</strong></span> <span class='ocrx_word' id='word_1_79' title='bbox 475 1480 511 1544; x_wconf 92' lang='lat' dir='ltr'><strong>iis</strong></span> <span class='ocrx_word' id='word_1_80' title='bbox 536 1479 646 1543; x_wconf 87' lang='lat' dir='ltr'><strong>similia</strong></span> <span class='ocrx_word' id='word_1_81' title='bbox 672 1488 744 1542; x_wconf 89' lang='lat' dir='ltr'><strong>sunt</strong></span> <span class='ocrx_word' id='word_1_82' title='bbox 771 1479 907 1555; x_wconf 86' lang='lat' dir='ltr'><strong>numina,</strong></span> <span class='ocrx_word' id='word_1_83' title='bbox 938 1499 998 1564; x_wconf 88' lang='lat' dir='ltr'><strong>qua</strong></span> <span class='ocrx_word' id='word_1_84' title='bbox 1025 1479 1144 1543; x_wconf 87' lang='lat' dir='ltr'><strong>ratione</strong></span> <span class='ocrx_word' id='word_1_85' title='bbox 1165 1498 1232 1554; x_wconf 87' lang='lat' dir='ltr'><strong>eos,</strong></span> <span class='ocrx_word' id='word_1_86' title='bbox 1263 1498 1337 1562; x_wconf 90' lang='lat' dir='ltr'><strong>quos</strong></span> <span class='ocrx_word' id='word_1_87' title='bbox 1359 1479 1524 1555; x_wconf 84' lang='lat' dir='ltr'><strong>invadunt,</strong></span> <span class='ocrx_word' id='word_1_88' title='bbox 1556 1498 1577 1540; x_wconf 89' lang='lat' dir='ltr'><strong>a</strong></span> 
     </span>
     <span class='ocr_line' id='line_1_11' title="bbox 320 1579 1576 1662; baseline -0.005 -16"><span class='ocrx_word' id='word_1_89' title='bbox 320 1590 405 1646; x_wconf 88' lang='lat' dir='ltr'><strong>statu</strong></span> <span class='ocrx_word' id='word_1_90' title='bbox 432 1579 541 1644; x_wconf 88' lang='lat' dir='ltr'><strong>mentis</strong></span> <span class='ocrx_word' id='word_1_91' title='bbox 567 1580 745 1655; x_wconf 84' lang='lat' dir='ltr'><strong>deturbent,</strong></span> <span class='ocrx_word' id='word_1_92' title='bbox 773 1581 859 1644; x_wconf 83' lang='lat' dir='ltr'><strong>facile</strong></span> <span class='ocrx_word' id='word_1_93' title='bbox 887 1589 958 1644; x_wconf 89' lang='lat' dir='ltr'><strong>aute</strong></span> <span class='ocrx_word' id='word_1_94' title='bbox 980 1580 1082 1644; x_wconf 88' lang='lat' dir='ltr'><strong>oeulos</strong></span> <span class='ocrx_word' id='word_1_95' title='bbox 1104 1580 1238 1662; x_wconf 87' lang='lat' dir='ltr'><strong>ponitur;</strong></span> <span class='ocrx_word' id='word_1_96' title='bbox 1270 1600 1336 1662; x_wconf 86' lang='lat' dir='ltr'><strong>quac</strong></span> <span class='ocrx_word' id='word_1_97' title='bbox 1357 1581 1499 1644; x_wconf 78' lang='lat' dir='ltr'><strong>mortales</strong></span> <span class='ocrx_word' id='word_1_98' title='bbox 1521 1587 1576 1641; x_wconf 89' lang='lat' dir='ltr'><strong>aut</strong></span> 
     </span>
     <span class='ocr_line' id='line_1_12' title="bbox 321 1680 1575 1766; baseline -0.003 -20"><span class='ocrx_word' id='word_1_99' title='bbox 321 1681 414 1766; x_wconf 86' lang='lat' dir='ltr'><strong>ipsius</strong></span> <span class='ocrx_word' id='word_1_100' title='bbox 435 1680 557 1746; x_wconf 88' lang='lat' dir='ltr'><strong>habitus</strong></span> <span class='ocrx_word' id='word_1_101' title='bbox 578 1689 692 1744; x_wconf 89' lang='lat' dir='ltr'><strong>terrore</strong></span> <span class='ocrx_word' id='word_1_102' title='bbox 714 1681 895 1745; x_wconf 88' lang='lat' dir='ltr'><strong>conturbant</strong></span> <span class='ocrx_word' id='word_1_103' title='bbox 916 1689 970 1746; x_wconf 89' lang='lat' dir='ltr'><strong>ent</strong></span> <span class='ocrx_word' id='word_1_104' title='bbox 991 1681 1131 1764; x_wconf 84' lang='lat' dir='ltr'><strong>pestifero</strong></span> <span class='ocrx_word' id='word_1_105' title='bbox 1151 1681 1258 1764; x_wconf 90' lang='lat' dir='ltr'><strong>spiritu</strong></span> <span class='ocrx_word' id='word_1_106' title='bbox 1279 1683 1429 1764; x_wconf 91' lang='lat' dir='ltr'><strong>complent</strong></span> <span class='ocrx_word' id='word_1_107' title='bbox 1450 1691 1503 1746; x_wconf 88' lang='lat' dir='ltr'><strong>aut</strong></span> <span class='ocrx_word' id='word_1_108' title='bbox 1525 1682 1575 1743; x_wconf 87' lang='lat' dir='ltr'><strong>la·</strong></span> 
     </span>
     <span class='ocr_line' id='line_1_13' title="bbox 322 1781 1574 1864; baseline -0.003 -17"><span class='ocrx_word' id='word_1_109' title='bbox 322 1783 406 1848; x_wconf 88' lang='lat' dir='ltr'><strong>cibus</strong></span> <span class='ocrx_word' id='word_1_110' title='bbox 429 1781 555 1863; x_wconf 87' lang='lat' dir='ltr'><strong>jactatis</strong></span> <span class='ocrx_word' id='word_1_111' title='bbox 583 1782 738 1864; x_wconf 78' lang='lat' dir='ltr'><strong>injectione</strong></span> <span class='ocrx_word' id='word_1_112' title='bbox 762 1782 953 1864; x_wconf 82' lang='lat' dir='ltr'><strong>serpentibus</strong></span> <span class='ocrx_word' id='word_1_113' title='bbox 982 1791 1044 1846; x_wconf 91' lang='lat' dir='ltr'><strong>tum</strong></span> <span class='ocrx_word' id='word_1_114' title='bbox 1066 1783 1212 1860; x_wconf 87' lang='lat' dir='ltr'><strong>flammis,</strong></span> <span class='ocrx_word' id='word_1_115' title='bbox 1240 1793 1303 1846; x_wconf 89' lang='lat' dir='ltr'><strong>tum</strong></span> <span class='ocrx_word' id='word_1_116' title='bbox 1327 1783 1447 1846; x_wconf 84' lang='lat' dir='ltr'><strong>venenis</strong></span> <span class='ocrx_word' id='word_1_117' title='bbox 1467 1783 1506 1846; x_wconf 84' lang='lat' dir='ltr'><strong>ad</strong></span> <span class='ocrx_word' id='word_1_118' title='bbox 1527 1781 1574 1844; x_wconf 90' lang='lat' dir='ltr'><strong>in·</strong></span> 
     </span>
     <span class='ocr_line' id='line_1_14' title="bbox 322 1883 1573 1966; baseline -0.001 -20"><span class='ocrx_word' id='word_1_119' title='bbox 322 1885 439 1948; x_wconf 86' lang='lat' dir='ltr'><strong>suniam</strong></span> <span class='ocrx_word' id='word_1_120' title='bbox 472 1883 642 1948; x_wconf 87' lang='lat' dir='ltr'><strong>concitant:</strong></span> <span class='ocrx_word' id='word_1_121' title='bbox 675 1885 783 1948; x_wconf 85' lang='lat' dir='ltr'><strong>umbra</strong></span> <span class='ocrx_word' id='word_1_122' title='bbox 809 1903 881 1946; x_wconf 86' lang='lat' dir='ltr'><strong>vero</strong></span> <span class='ocrx_word' id='word_1_123' title='bbox 908 1893 939 1947; x_wconf 88' lang='lat' dir='ltr'><strong>et</strong></span> <span class='ocrx_word' id='word_1_124' title='bbox 964 1883 1061 1964; x_wconf 91' lang='lat' dir='ltr'><strong>imago</strong></span> <span class='ocrx_word' id='word_1_125' title='bbox 1088 1902 1147 1966; x_wconf 88' lang='lat' dir='ltr'><strong>quo</strong></span> <span class='ocrx_word' id='word_1_126' title='bbox 1169 1892 1257 1966; x_wconf 89' lang='lat' dir='ltr'><strong>pacto</strong></span> <span class='ocrx_word' id='word_1_127' title='bbox 1286 1883 1360 1948; x_wconf 90' lang='lat' dir='ltr'><strong>nihil</strong></span> <span class='ocrx_word' id='word_1_128' title='bbox 1382 1883 1464 1946; x_wconf 89' lang='lat' dir='ltr'><strong>alind</strong></span> <span class='ocrx_word' id='word_1_129' title='bbox 1487 1901 1573 1966; x_wconf 85' lang='lat' dir='ltr'><strong>quem</strong></span> 
     </span>
     <span class='ocr_line' id='line_1_15' title="bbox 322 1983 1573 2068; baseline -0.002 -20"><span class='ocrx_word' id='word_1_130' title='bbox 322 1984 467 2048; x_wconf 90' lang='lat' dir='ltr'><strong>introiens</strong></span> <span class='ocrx_word' id='word_1_131' title='bbox 489 1984 626 2060; x_wconf 82' lang='lat' dir='ltr'><strong>domurn,</strong></span> <span class='ocrx_word' id='word_1_132' title='bbox 655 2004 720 2060; x_wconf 89' lang='lat' dir='ltr'><strong>eos,</strong></span> <span class='ocrx_word' id='word_1_133' title='bbox 747 1983 797 2068; x_wconf 91' lang='lat' dir='ltr'><strong>qui</strong></span> <span class='ocrx_word' id='word_1_134' title='bbox 818 2003 855 2048; x_wconf 86' lang='lat' dir='ltr'><strong>ea</strong></span> <span class='ocrx_word' id='word_1_135' title='bbox 876 1983 1083 2060; x_wconf 91' lang='lat' dir='ltr'><strong>continentur,</strong></span> <span class='ocrx_word' id='word_1_136' title='bbox 1107 1984 1249 2066; x_wconf 88' lang='lat' dir='ltr'><strong>instigare</strong></span> <span class='ocrx_word' id='word_1_137' title='bbox 1270 1985 1368 2067; x_wconf 89' lang='lat' dir='ltr'><strong>possit</strong></span> <span class='ocrx_word' id='word_1_138' title='bbox 1388 1985 1426 2048; x_wconf 89' lang='lat' dir='ltr'><strong>ad</strong></span> <span class='ocrx_word' id='word_1_139' title='bbox 1448 1985 1573 2058; x_wconf 88' lang='lat' dir='ltr'><strong>scelera,</strong></span> 
     </span>
     <span class='ocr_line' id='line_1_16' title="bbox 323 2083 1574 2169; baseline -0.002 -21"><span class='ocrx_word' id='word_1_140' title='bbox 323 2105 381 2150; x_wconf 92' lang='lat' dir='ltr'><strong>non</strong></span> <span class='ocrx_word' id='word_1_141' title='bbox 413 2105 497 2168; x_wconf 80' lang='lat' dir='ltr'><strong>reque</strong></span> <span class='ocrx_word' id='word_1_142' title='bbox 530 2085 620 2149; x_wconf 89' lang='lat' dir='ltr'><strong>facile</strong></span> <span class='ocrx_word' id='word_1_143' title='bbox 652 2086 837 2169; x_wconf 82' lang='lat' dir='ltr'><strong>perspicitur.</strong></span> <span class='ocrx_word' id='word_1_144' title='bbox 882 2083 958 2156; x_wconf 76' lang='lat' dir='ltr'><strong>Qum</strong></span> <span class='ocrx_word' id='word_1_145' title='bbox 992 2105 1063 2148; x_wconf 92' lang='lat' dir='ltr'><strong>vero</strong></span> <span class='ocrx_word' id='word_1_146' title='bbox 1089 2084 1178 2166; x_wconf 89' lang='lat' dir='ltr'><strong>hujus</strong></span> <span class='ocrx_word' id='word_1_147' title='bbox 1203 2084 1260 2149; x_wconf 89' lang='lat' dir='ltr'><strong>loci</strong></span> <span class='ocrx_word' id='word_1_148' title='bbox 1287 2105 1373 2150; x_wconf 89' lang='lat' dir='ltr'><strong>mens</strong></span> <span class='ocrx_word' id='word_1_149' title='bbox 1400 2085 1466 2167; x_wconf 84' lang='lat' dir='ltr'><strong>ipss</strong></span> <span class='ocrx_word' id='word_1_150' title='bbox 1487 2092 1574 2166; x_wconf 90' lang='lat' dir='ltr'><strong>atque</strong></span> 
     </span>
    </p>
   </div>
   <div class='ocr_carea' id='block_1_3' title="bbox 321 2185 1575 2674">
    <p class='ocr_par' dir='ltr' id='par_1_4' title="bbox 321 2185 1573 2473">
     <span class='ocr_line' id='line_1_17' title="bbox 322 2185 1570 2270; baseline -0.003 -20"><span class='ocrx_word' id='word_1_151' title='bbox 322 2187 474 2250; x_wconf 88' lang='lat' dir='ltr'><strong>sententia</strong></span> <span class='ocrx_word' id='word_1_152' title='bbox 502 2197 563 2262; x_wconf 92' lang='lat' dir='ltr'><strong>est,</strong></span> <span class='ocrx_word' id='word_1_153' title='bbox 592 2185 637 2250; x_wconf 92' lang='lat' dir='ltr'><strong>ita</strong></span> <span class='ocrx_word' id='word_1_154' title='bbox 658 2187 823 2251; x_wconf 80' lang='lat' dir='ltr'><strong>Tantalum</strong></span> <span class='ocrx_word' id='word_1_155' title='bbox 845 2195 966 2270; x_wconf 89' lang='lat' dir='ltr'><strong>propter</strong></span> <span class='ocrx_word' id='word_1_156' title='bbox 987 2186 1104 2250; x_wconf 88' lang='lat' dir='ltr'><strong>scelera</strong></span> <span class='ocrx_word' id='word_1_157' title='bbox 1124 2185 1238 2268; x_wconf 80' lang='lat' dir='ltr'><strong>puniri,</strong></span> <span class='ocrx_word' id='word_1_158' title='bbox 1266 2195 1301 2250; x_wconf 91' lang='lat' dir='ltr'><strong>ot</strong></span> <span class='ocrx_word' id='word_1_159' title='bbox 1321 2187 1386 2269; x_wconf 89' lang='lat' dir='ltr'><strong>ipse</strong></span> <span class='ocrx_word' id='word_1_160' title='bbox 1407 2186 1570 2268; x_wconf 89' lang='lat' dir='ltr'><strong>progeniem</strong></span> 
     </span>
     <span class='ocr_line' id='line_1_18' title="bbox 321 2285 1573 2370; baseline -0.002 -20"><span class='ocrx_word' id='word_1_161' title='bbox 321 2308 407 2352; x_wconf 89' lang='lat' dir='ltr'><strong>suam</strong></span> <span class='ocrx_word' id='word_1_162' title='bbox 437 2288 476 2352; x_wconf 91' lang='lat' dir='ltr'><strong>ad</strong></span> <span class='ocrx_word' id='word_1_163' title='bbox 498 2289 612 2369; x_wconf 85' lang='lat' dir='ltr'><strong>majora</strong></span> <span class='ocrx_word' id='word_1_164' title='bbox 633 2287 724 2351; x_wconf 86' lang='lat' dir='ltr'><strong>etiam</strong></span> <span class='ocrx_word' id='word_1_165' title='bbox 746 2289 860 2352; x_wconf 87' lang='lat' dir='ltr'><strong>scelera</strong></span> <span class='ocrx_word' id='word_1_166' title='bbox 881 2289 1052 2370; x_wconf 87' lang='lat' dir='ltr'><strong>proturbet,</strong></span> <span class='ocrx_word' id='word_1_167' title='bbox 1080 2304 1146 2350; x_wconf 92' lang='lat' dir='ltr'><strong>eam</strong></span> <span class='ocrx_word' id='word_1_168' title='bbox 1168 2289 1313 2368; x_wconf 88' lang='lat' dir='ltr'><strong>profecto·</strong></span> <span class='ocrx_word' id='word_1_169' title='bbox 1332 2288 1418 2350; x_wconf 86' lang='lat' dir='ltr'><strong>valde</strong></span> <span class='ocrx_word' id='word_1_170' title='bbox 1440 2285 1497 2350; x_wconf 89' lang='lat' dir='ltr'><strong>erit</strong></span> <span class='ocrx_word' id='word_1_171' title='bbox 1517 2285 1573 2348; x_wconf 92' lang='lat' dir='ltr'><strong>iui-</strong></span> 
     </span>
     <span class='ocr_line' id='line_1_19' title="bbox 321 2387 1390 2473; baseline 0 -21"><span class='ocrx_word' id='word_1_172' title='bbox 321 2409 414 2473; x_wconf 90' lang='lat' dir='ltr'><strong>quus‚</strong></span> <span class='ocrx_word' id='word_1_173' title='bbox 436 2389 485 2472; x_wconf 91' lang='lat' dir='ltr'><strong>qni</strong></span> <span class='ocrx_word' id='word_1_174' title='bbox 508 2409 567 2452; x_wconf 92' lang='lat' dir='ltr'><strong>non</strong></span> <span class='ocrx_word' id='word_1_175' title='bbox 588 2389 701 2452; x_wconf 89' lang='lat' dir='ltr'><strong>elatam</strong></span> <span class='ocrx_word' id='word_1_176' title='bbox 724 2397 756 2453; x_wconf 90' lang='lat' dir='ltr'><strong>et</strong></span> <span class='ocrx_word' id='word_1_177' title='bbox 777 2389 871 2452; x_wconf 82' lang='lat' dir='ltr'><strong>altam</strong></span> <span class='ocrx_word' id='word_1_178' title='bbox 894 2398 926 2452; x_wconf 91' lang='lat' dir='ltr'><strong>et</strong></span> <span class='ocrx_word' id='word_1_179' title='bbox 945 2387 1093 2471; x_wconf 86' lang='lat' dir='ltr'><strong>tragicam</strong></span> <span class='ocrx_word' id='word_1_180' title='bbox 1116 2408 1180 2450; x_wconf 88' lang='lat' dir='ltr'><strong>esse</strong></span> <span class='ocrx_word' id='word_1_181' title='bbox 1202 2390 1390 2452; x_wconf 88' lang='lat' dir='ltr'><strong>concesserit.</strong></span> 
     </span>
    </p>

    <p class='ocr_par' dir='ltr' id='par_1_5' title="bbox 322 2485 1575 2674">
     <span class='ocr_line' id='line_1_20' title="bbox 404 2485 1575 2565; baseline -0.005 -10"><span class='ocrx_word' id='word_1_182' title='bbox 404 2490 562 2555; x_wconf 83' lang='lat' dir='ltr'><strong>Secundus</strong></span> <span class='ocrx_word' id='word_1_183' title='bbox 583 2509 654 2553; x_wconf 85' lang='lat' dir='ltr'><strong>vero</strong></span> <span class='ocrx_word' id='word_1_184' title='bbox 676 2500 762 2554; x_wconf 89' lang='lat' dir='ltr'><strong>actus</strong></span> <span class='ocrx_word' id='word_1_185' title='bbox 783 2491 814 2552; x_wconf 92' lang='lat' dir='ltr'><strong>iu</strong></span> <span class='ocrx_word' id='word_1_186' title='bbox 837 2508 872 2552; x_wconf 93' lang='lat' dir='ltr'><strong>eo</strong></span> <span class='ocrx_word' id='word_1_187' title='bbox 895 2489 1089 2565; x_wconf 84' lang='lat' dir='ltr'><strong>consumitur,</strong></span> <span class='ocrx_word' id='word_1_188' title='bbox 1111 2499 1145 2552; x_wconf 91' lang='lat' dir='ltr'><strong>nt</strong></span> <span class='ocrx_word' id='word_1_189' title='bbox 1167 2489 1254 2552; x_wconf 87' lang='lat' dir='ltr'><strong>Atrei</strong></span> <span class='ocrx_word' id='word_1_190' title='bbox 1276 2489 1376 2552; x_wconf 89' lang='lat' dir='ltr'><strong>odium</strong></span> <span class='ocrx_word' id='word_1_191' title='bbox 1398 2485 1575 2552; x_wconf 90' lang='lat' dir='ltr'><strong>ulciscendi-</strong></span> 
     </span>
     <span class='ocr_line' id='line_1_21' title="bbox 322 2587 1574 2674; baseline -0.002 -19"><span class='ocrx_word' id='word_1_192' title='bbox 322 2599 378 2674; x_wconf 79' lang='lat' dir='ltr'><strong>qde</strong></span> <span class='ocrx_word' id='word_1_193' title='bbox 409 2591 534 2655; x_wconf 88' lang='lat' dir='ltr'><strong>consilia</strong></span> <span class='ocrx_word' id='word_1_194' title='bbox 561 2599 757 2674; x_wconf 86' lang='lat' dir='ltr'><strong>exponantur.</strong></span> <span class='ocrx_word' id='word_1_195' title='bbox 801 2589 976 2654; x_wconf 89' lang='lat' dir='ltr'><strong>Simillimus</strong></span> <span class='ocrx_word' id='word_1_196' title='bbox 1003 2599 1051 2653; x_wconf 92' lang='lat' dir='ltr'><strong>est</strong></span> <span class='ocrx_word' id='word_1_197' title='bbox 1077 2589 1125 2653; x_wconf 90' lang='lat' dir='ltr'><strong>hic</strong></span> <span class='ocrx_word' id='word_1_198' title='bbox 1153 2590 1235 2653; x_wconf 89' lang='lat' dir='ltr'><strong>locus</strong></span> <span class='ocrx_word' id='word_1_199' title='bbox 1256 2591 1372 2653; x_wconf 85' lang='lat' dir='ltr'><strong>Medeae</strong></span> <span class='ocrx_word' id='word_1_200' title='bbox 1398 2590 1435 2653; x_wconf 90' lang='lat' dir='ltr'><strong>de</strong></span> <span class='ocrx_word' id='word_1_201' title='bbox 1458 2587 1574 2652; x_wconf 88' lang='lat' dir='ltr'><strong>Iasonis</strong></span> 
     </span>
    </p>
   </div>
   <div class='ocr_carea' id='block_1_4' title="bbox 321 2690 1575 2875">
    <p class='ocr_par' dir='ltr' id='par_1_6' title="bbox 321 2690 1575 2875">
     <span class='ocr_line' id='line_1_22' title="bbox 321 2690 1574 2776; baseline -0.003 -20"><span class='ocrx_word' id='word_1_202' title='bbox 321 2692 467 2776; x_wconf 89' lang='lat' dir='ltr'><strong>supplicio</strong></span> <span class='ocrx_word' id='word_1_203' title='bbox 496 2691 661 2774; x_wconf 87' lang='lat' dir='ltr'><strong>cogitanti:</strong></span> <span class='ocrx_word' id='word_1_204' title='bbox 694 2691 772 2756; x_wconf 89' lang='lat' dir='ltr'><strong>idem</strong></span> <span class='ocrx_word' id='word_1_205' title='bbox 802 2701 919 2755; x_wconf 88' lang='lat' dir='ltr'><strong>torrens</strong></span> <span class='ocrx_word' id='word_1_206' title='bbox 948 2692 1122 2766; x_wconf 86' lang='lat' dir='ltr'><strong>verborum,</strong></span> <span class='ocrx_word' id='word_1_207' title='bbox 1155 2690 1257 2754; x_wconf 91' lang='lat' dir='ltr'><strong>eadem</strong></span> <span class='ocrx_word' id='word_1_208' title='bbox 1286 2691 1422 2766; x_wconf 87' lang='lat' dir='ltr'><strong>insania,</strong></span> <span class='ocrx_word' id='word_1_209' title='bbox 1455 2691 1574 2765; x_wconf 90' lang='lat' dir='ltr'><strong>eadem,</strong></span> 
     </span>
     <span class='ocr_line' id='line_1_23' title="bbox 322 2790 1575 2875; baseline -0.002 -18"><span class='ocrx_word' id='word_1_210' title='bbox 322 2803 356 2857; x_wconf 92' lang='lat' dir='ltr'><strong>nt</strong></span> <span class='ocrx_word' id='word_1_211' title='bbox 381 2793 425 2857; x_wconf 89' lang='lat' dir='ltr'><strong>ita</strong></span> <span class='ocrx_word' id='word_1_212' title='bbox 449 2794 563 2868; x_wconf 83' lang='lat' dir='ltr'><strong>dicam,</strong></span> <span class='ocrx_word' id='word_1_213' title='bbox 596 2793 759 2856; x_wconf 86' lang='lat' dir='ltr'><strong>ambitiosa</strong></span> <span class='ocrx_word' id='word_1_214' title='bbox 784 2793 814 2856; x_wconf 91' lang='lat' dir='ltr'><strong>in</strong></span> <span class='ocrx_word' id='word_1_215' title='bbox 837 2793 948 2857; x_wconf 88' lang='lat' dir='ltr'><strong>scelere</strong></span> <span class='ocrx_word' id='word_1_216' title='bbox 966 2792 1127 2874; x_wconf 85' lang='lat' dir='ltr'><strong>jactantia.</strong></span> <span class='ocrx_word' id='word_1_217' title='bbox 1168 2790 1312 2868; x_wconf 88' lang='lat' dir='ltr'><strong>Accedit,</strong></span> <span class='ocrx_word' id='word_1_218' title='bbox 1343 2793 1439 2875; x_wconf 90' lang='lat' dir='ltr'><strong>quod,</strong></span> <span class='ocrx_word' id='word_1_219' title='bbox 1472 2809 1575 2874; x_wconf 87' lang='lat' dir='ltr'><strong>qnem-</strong></span> 
     </span>
    </p>
   </div>
   <div class='ocr_carea' id='block_1_5' title="bbox 217 2892 1574 2973">
    <p class='ocr_par' dir='ltr' id='par_1_7' title="bbox 217 2892 1574 2973">
     <span class='ocr_line' id='line_1_24' title="bbox 217 2892 1574 2973; baseline -0.004 -15"><span class='ocrx_word' id='word_1_220' title='bbox 217 2927 222 2934; x_wconf 94' lang='lat'>·</span> <span class='ocrx_word' id='word_1_221' title='bbox 322 2895 482 2959; x_wconf 90' lang='lat' dir='ltr'><strong>admodum</strong></span> <span class='ocrx_word' id='word_1_222' title='bbox 505 2893 610 2958; x_wconf 86' lang='lat' dir='ltr'><strong>nutrix</strong></span> <span class='ocrx_word' id='word_1_223' title='bbox 630 2894 761 2970; x_wconf 89' lang='lat' dir='ltr'><strong>Medeae,</strong></span> <span class='ocrx_word' id='word_1_224' title='bbox 793 2893 837 2957; x_wconf 86' lang='lat' dir='ltr'><strong>sic</strong></span> <span class='ocrx_word' id='word_1_225' title='bbox 858 2893 955 2957; x_wconf 88' lang='lat' dir='ltr'><strong>Atreo</strong></span> <span class='ocrx_word' id='word_1_226' title='bbox 977 2893 1100 2957; x_wconf 87' lang='lat' dir='ltr'><strong>satelles</strong></span> <span class='ocrx_word' id='word_1_227' title='bbox 1122 2893 1309 2973; x_wconf 82' lang='lat' dir='ltr'><strong>adjungitur,</strong></span> <span class='ocrx_word' id='word_1_228' title='bbox 1342 2913 1400 2956; x_wconf 91' lang='lat' dir='ltr'><strong>non</strong></span> <span class='ocrx_word' id='word_1_229' title='bbox 1424 2893 1464 2956; x_wconf 90' lang='lat' dir='ltr'><strong>ob</strong></span> <span class='ocrx_word' id='word_1_230' title='bbox 1486 2892 1574 2955; x_wconf 87' lang='lat' dir='ltr'><strong>aliam</strong></span> 
     </span>
    </p>
   </div>
   <div class='ocr_carea' id='block_1_6' title="bbox 321 2992 1575 3384">
    <p class='ocr_par' dir='ltr' id='par_1_8' title="bbox 321 2992 1575 3384">
     <span class='ocr_line' id='line_1_25' title="bbox 322 2992 1575 3078; baseline -0.003 -18"><span class='ocrx_word' id='word_1_231' title='bbox 322 3014 447 3060; x_wconf 85' lang='lat' dir='ltr'><strong>causam</strong></span> <span class='ocrx_word' id='word_1_232' title='bbox 468 2995 623 3072; x_wconf 88' lang='lat' dir='ltr'><strong>inductus,</strong></span> <span class='ocrx_word' id='word_1_233' title='bbox 648 3014 736 3077; x_wconf 86' lang='lat' dir='ltr'><strong>quarn</strong></span> <span class='ocrx_word' id='word_1_234' title='bbox 759 3003 794 3059; x_wconf 92' lang='lat' dir='ltr'><strong>ut</strong></span> <span class='ocrx_word' id='word_1_235' title='bbox 815 3015 853 3058; x_wconf 92' lang='lat' dir='ltr'><strong>ue</strong></span> <span class='ocrx_word' id='word_1_236' title='bbox 874 3003 1023 3078; x_wconf 86' lang='lat' dir='ltr'><strong>tyrannus</strong></span> <span class='ocrx_word' id='word_1_237' title='bbox 1044 2994 1125 3058; x_wconf 86' lang='lat' dir='ltr'><strong>solus</strong></span> <span class='ocrx_word' id='word_1_238' title='bbox 1147 2992 1315 3076; x_wconf 85' lang='lat' dir='ltr'><strong>loqueretur</strong></span> <span class='ocrx_word' id='word_1_239' title='bbox 1336 3002 1369 3057; x_wconf 91' lang='lat' dir='ltr'><strong>et</strong></span> <span class='ocrx_word' id='word_1_240' title='bbox 1390 3003 1423 3058; x_wconf 88' lang='lat' dir='ltr'><strong>nt</strong></span> <span class='ocrx_word' id='word_1_241' title='bbox 1445 2993 1575 3068; x_wconf 88' lang='lat' dir='ltr'><strong>adesset,</strong></span> 
     </span>
     <span class='ocr_line' id='line_1_26' title="bbox 322 3094 1575 3182; baseline -0.002 -23"><span class='ocrx_word' id='word_1_242' title='bbox 322 3098 373 3182; x_wconf 88' lang='lat' dir='ltr'><strong>qni</strong></span> <span class='ocrx_word' id='word_1_243' title='bbox 398 3097 585 3162; x_wconf 88' lang='lat' dir='ltr'><strong>adversando</strong></span> <span class='ocrx_word' id='word_1_244' title='bbox 613 3095 828 3178; x_wconf 88' lang='lat' dir='ltr'><strong>rogitandoque</strong></span> <span class='ocrx_word' id='word_1_245' title='bbox 857 3115 966 3159; x_wconf 88' lang='lat' dir='ltr'><strong>novam</strong></span> <span class='ocrx_word' id='word_1_246' title='bbox 994 3115 1111 3179; x_wconf 77' lang='lat' dir='ltr'><strong>semper</strong></span> <span class='ocrx_word' id='word_1_247' title='bbox 1133 3094 1322 3159; x_wconf 88' lang='lat' dir='ltr'><strong>declamandi</strong></span> <span class='ocrx_word' id='word_1_248' title='bbox 1342 3095 1491 3176; x_wconf 86' lang='lat' dir='ltr'><strong>praeberet</strong></span> <span class='ocrx_word' id='word_1_249' title='bbox 1512 3114 1575 3158; x_wconf 90' lang='lat' dir='ltr'><strong>ma-</strong></span> 
     </span>
     <span class='ocr_line' id='line_1_27' title="bbox 322 3196 1575 3280; baseline -0.005 -16"><span class='ocrx_word' id='word_1_250' title='bbox 322 3199 440 3264; x_wconf 87' lang='lat' dir='ltr'><strong>teriam.</strong></span> <span class='ocrx_word' id='word_1_251' title='bbox 483 3199 651 3262; x_wconf 89' lang='lat' dir='ltr'><strong>Denuntiat</strong></span> <span class='ocrx_word' id='word_1_252' title='bbox 671 3197 761 3280; x_wconf 86' lang='lat' dir='ltr'><strong>igitur</strong></span> <span class='ocrx_word' id='word_1_253' title='bbox 783 3198 897 3261; x_wconf 86' lang='lat' dir='ltr'><strong>Atreus</strong></span> <span class='ocrx_word' id='word_1_254' title='bbox 919 3197 1051 3260; x_wconf 88' lang='lat' dir='ltr'><strong>immane</strong></span> <span class='ocrx_word' id='word_1_255' title='bbox 1080 3205 1112 3258; x_wconf 88' lang='lat' dir='ltr'><strong>et</strong></span> <span class='ocrx_word' id='word_1_256' title='bbox 1132 3203 1222 3258; x_wconf 87' lang='lat' dir='ltr'><strong>atrox</strong></span> <span class='ocrx_word' id='word_1_257' title='bbox 1241 3196 1420 3278; x_wconf 91' lang='lat' dir='ltr'><strong>supplicium</strong></span> <span class='ocrx_word' id='word_1_258' title='bbox 1442 3214 1461 3258; x_wconf 90' lang='lat' dir='ltr'><strong>a</strong></span> <span class='ocrx_word' id='word_1_259' title='bbox 1483 3196 1575 3259; x_wconf 80' lang='lat' dir='ltr'><strong>fratre</strong></span> 
     </span>
     <span class='ocr_line' id='line_1_28' title="bbox 321 3296 1575 3384; baseline -0.003 -20"><span class='ocrx_word' id='word_1_260' title='bbox 321 3308 525 3384; x_wconf 89' lang='lat' dir='ltr'><strong>sumpturum:</strong></span> <span class='ocrx_word' id='word_1_261' title='bbox 546 3299 650 3381; x_wconf 85' lang='lat' dir='ltr'><strong>adjicit</strong></span> <span class='ocrx_word' id='word_1_262' title='bbox 671 3318 810 3374; x_wconf 87' lang='lat' dir='ltr'><strong>causam,</strong></span> <span class='ocrx_word' id='word_1_263' title='bbox 838 3318 892 3362; x_wconf 89' lang='lat' dir='ltr'><strong>cnr</strong></span> <span class='ocrx_word' id='word_1_264' title='bbox 913 3318 972 3363; x_wconf 92' lang='lat' dir='ltr'><strong>noo</strong></span> <span class='ocrx_word' id='word_1_265' title='bbox 994 3298 1082 3362; x_wconf 90' lang='lat' dir='ltr'><strong>modo</strong></span> <span class='ocrx_word' id='word_1_266' title='bbox 1102 3297 1238 3379; x_wconf 87' lang='lat' dir='ltr'><strong>justaea</strong></span> <span class='ocrx_word' id='word_1_267' title='bbox 1251 3297 1344 3374; x_wconf 91' lang='lat' dir='ltr'><strong>ultio,</strong></span> <span class='ocrx_word' id='word_1_268' title='bbox 1367 3296 1575 3362; x_wconf 90' lang='lat' dir='ltr'><strong>verumetiam</strong></span> 
     </span>
    </p>
   </div>
   <div class='ocr_carea' id='block_1_7' title="bbox 322 3399 1353 4474">
    <p class='ocr_par' dir='ltr' id='par_1_9' title="bbox 322 3399 1353 3990">
     <span class='ocr_line' id='line_1_29' title="bbox 322 3399 664 3466; baseline -0.006 0"><span class='ocrx_word' id='word_1_269' title='bbox 322 3401 491 3466; x_wconf 87' lang='lat' dir='ltr'><strong>necessaria</strong></span> <span class='ocrx_word' id='word_1_270' title='bbox 512 3399 664 3464; x_wconf 84' lang='lat' dir='ltr'><strong>videatur:</strong></span> 
     </span>
     <span class='ocr_line' id='line_1_30' title="bbox 563 3499 1308 3574; baseline 0.003 -18"><span class='ocrx_word' id='word_1_271' title='bbox 563 3501 624 3574; x_wconf 84' lang='lat' dir='ltr'><strong>Age</strong></span> <span class='ocrx_word' id='word_1_272' title='bbox 645 3501 738 3557; x_wconf 88' lang='lat' dir='ltr'><strong>anime</strong></span> <span class='ocrx_word' id='word_1_273' title='bbox 759 3500 804 3556; x_wconf 84' lang='lat' dir='ltr'><strong>iac</strong></span> <span class='ocrx_word' id='word_1_274' title='bbox 826 3501 900 3572; x_wconf 86' lang='lat' dir='ltr'><strong>quod</strong></span> <span class='ocrx_word' id='word_1_275' title='bbox 921 3501 1002 3556; x_wconf 86' lang='lat' dir='ltr'><strong>nulla</strong></span> <span class='ocrx_word' id='word_1_276' title='bbox 1021 3499 1172 3571; x_wconf 84' lang='lat' dir='ltr'><strong>posteritas</strong></span> <span class='ocrx_word' id='word_1_277' title='bbox 1192 3499 1308 3570; x_wconf 86' lang='lat' dir='ltr'><strong>probet,</strong></span> 
     </span>
     <span class='ocr_line' id='line_1_31' title="bbox 564 3586 1353 3660; baseline 0 -17"><span class='ocrx_word' id='word_1_278' title='bbox 564 3587 618 3644; x_wconf 80' lang='lat' dir='ltr'><strong>Sed</strong></span> <span class='ocrx_word' id='word_1_279' title='bbox 638 3588 719 3643; x_wconf 89' lang='lat' dir='ltr'><strong>nulla</strong></span> <span class='ocrx_word' id='word_1_280' title='bbox 739 3590 843 3645; x_wconf 83' lang='lat' dir='ltr'><strong>taceat.</strong></span> <span class='ocrx_word' id='word_1_281' title='bbox 888 3587 1011 3660; x_wconf 87' lang='lat' dir='ltr'><strong>Aliquod</strong></span> <span class='ocrx_word' id='word_1_282' title='bbox 1033 3586 1191 3642; x_wconf 86' lang='lat' dir='ltr'><strong>audendum</strong></span> <span class='ocrx_word' id='word_1_283' title='bbox 1212 3589 1254 3644; x_wconf 90' lang='lat' dir='ltr'><strong>est</strong></span> <span class='ocrx_word' id='word_1_284' title='bbox 1275 3586 1353 3643; x_wconf 83' lang='lat' dir='ltr'><strong>nefas</strong></span> 
     </span>
     <span class='ocr_line' id='line_1_32' title="bbox 563 3674 1206 3746; baseline -0.003 -16"><span class='ocrx_word' id='word_1_285' title='bbox 563 3674 654 3732; x_wconf 82' lang='lat' dir='ltr'><strong>Atrox</strong></span> <span class='ocrx_word' id='word_1_286' title='bbox 675 3678 822 3731; x_wconf 89' lang='lat' dir='ltr'><strong>cruentum</strong></span> <span class='ocrx_word' id='word_1_287' title='bbox 843 3675 902 3731; x_wconf 89' lang='lat' dir='ltr'><strong>tale</strong></span> <span class='ocrx_word' id='word_1_288' title='bbox 924 3675 999 3746; x_wconf 90' lang='lat' dir='ltr'><strong>quod</strong></span> <span class='ocrx_word' id='word_1_289' title='bbox 1019 3674 1108 3731; x_wconf 82' lang='lat' dir='ltr'><strong>frater</strong></span> <span class='ocrx_word' id='word_1_290' title='bbox 1129 3689 1206 3729; x_wconf 86' lang='lat' dir='ltr'><strong>maus</strong></span> 
     </span>
     <span class='ocr_line' id='line_1_33' title="bbox 564 3758 1253 3820; baseline -0.004 -2"><span class='ocrx_word' id='word_1_291' title='bbox 564 3761 650 3818; x_wconf 82' lang='lat' dir='ltr'><strong>Suum</strong></span> <span class='ocrx_word' id='word_1_292' title='bbox 671 3778 728 3818; x_wconf 86' lang='lat' dir='ltr'><strong>esee</strong></span> <span class='ocrx_word' id='word_1_293' title='bbox 750 3761 859 3818; x_wconf 88' lang='lat' dir='ltr'><strong>mallet.</strong></span> <span class='ocrx_word' id='word_1_294' title='bbox 904 3761 1015 3820; x_wconf 83' lang='lat' dir='ltr'><strong>Scelere</strong></span> <span class='ocrx_word' id='word_1_295' title='bbox 1035 3778 1092 3818; x_wconf 88' lang='lat' dir='ltr'><strong>non</strong></span> <span class='ocrx_word' id='word_1_296' title='bbox 1112 3758 1253 3817; x_wconf 86' lang='lat' dir='ltr'><strong>ulcisceris</strong></span> 
     </span>
     <span class='ocr_line' id='line_1_34' title="bbox 564 3849 747 3905; baseline -0.005 0"><span class='ocrx_word' id='word_1_297' title='bbox 564 3849 627 3905; x_wconf 84' lang='lat' dir='ltr'><strong>Nisi</strong></span> <span class='ocrx_word' id='word_1_298' title='bbox 648 3849 747 3905; x_wconf 82' lang='lat' dir='ltr'><strong>vineis.</strong></span> 
     </span>
     <span class='ocr_line' id='line_1_35' title="bbox 1116 3931 1327 3990; baseline -0.014 0"><span class='ocrx_word' id='word_1_299' title='bbox 1116 3951 1144 3990; x_wconf 82' lang='lat' dir='ltr'><strong>r.</strong></span> <span class='ocrx_word' id='word_1_300' title='bbox 1170 3931 1327 3988; x_wconf 79' lang='lat' dir='ltr'><strong>let-sc.</strong></span> 
     </span>
    </p>

    <p class='ocr_par' dir='ltr' id='par_1_10' title="bbox 564 4051 1311 4474">
     <span class='ocr_line' id='line_1_36' title="bbox 875 4051 1263 4127; baseline -0.01 -15"><span class='ocrx_word' id='word_1_301' title='bbox 875 4055 949 4112; x_wconf 84' lang='lat' dir='ltr'><strong>Novi</strong></span> <span class='ocrx_word' id='word_1_302' title='bbox 970 4071 1023 4127; x_wconf 86' lang='lat' dir='ltr'><strong>ego</strong></span> <span class='ocrx_word' id='word_1_303' title='bbox 1043 4053 1188 4127; x_wconf 78' lang='lat' dir='ltr'><strong>ingenium</strong></span> <span class='ocrx_word' id='word_1_304' title='bbox 1209 4051 1263 4108; x_wconf 88' lang='lat' dir='ltr'><strong>viri</strong></span> 
     </span>
     <span class='ocr_line' id='line_1_37' title="bbox 565 4140 1249 4215; baseline -0.003 -17"><span class='ocrx_word' id='word_1_305' title='bbox 565 4143 702 4200; x_wconf 84' lang='lat' dir='ltr'><strong>indocile:</strong></span> <span class='ocrx_word' id='word_1_306' title='bbox 725 4140 802 4199; x_wconf 86' lang='lat' dir='ltr'><strong>flecti</strong></span> <span class='ocrx_word' id='word_1_307' title='bbox 822 4159 879 4199; x_wconf 90' lang='lat' dir='ltr'><strong>non</strong></span> <span class='ocrx_word' id='word_1_308' title='bbox 901 4143 1008 4215; x_wconf 84' lang='lat' dir='ltr'><strong>potest,</strong></span> <span class='ocrx_word' id='word_1_309' title='bbox 1031 4141 1125 4213; x_wconf 81' lang='lat' dir='ltr'><strong>frangi</strong></span> <span class='ocrx_word' id='word_1_310' title='bbox 1146 4141 1249 4212; x_wconf 87' lang='lat' dir='ltr'><strong>potest.</strong></span> 
     </span>
     <span class='ocr_line' id='line_1_38' title="bbox 566 4227 1311 4300; baseline -0.005 -15"><span class='ocrx_word' id='word_1_311' title='bbox 566 4229 685 4286; x_wconf 90' lang='lat' dir='ltr'><strong>Proinde</strong></span> <span class='ocrx_word' id='word_1_312' title='bbox 706 4232 860 4300; x_wconf 85' lang='lat' dir='ltr'><strong>antequam</strong></span> <span class='ocrx_word' id='word_1_313' title='bbox 880 4247 910 4286; x_wconf 88' lang='lat' dir='ltr'><strong>ae</strong></span> <span class='ocrx_word' id='word_1_314' title='bbox 931 4231 1025 4286; x_wconf 83' lang='lat' dir='ltr'><strong>firmat</strong></span> <span class='ocrx_word' id='word_1_315' title='bbox 1047 4231 1096 4284; x_wconf 85' lang='lat' dir='ltr'><strong>aut</strong></span> <span class='ocrx_word' id='word_1_316' title='bbox 1118 4227 1191 4284; x_wconf 86' lang='lat' dir='ltr'><strong>vires</strong></span> <span class='ocrx_word' id='word_1_317' title='bbox 1212 4227 1311 4298; x_wconf 85' lang='lat' dir='ltr'><strong>parat,</strong></span> 
     </span>
     <span class='ocr_line' id='line_1_39' title="bbox 564 4316 1173 4387; baseline -0.005 -14"><span class='ocrx_word' id='word_1_318' title='bbox 564 4316 683 4374; x_wconf 81' lang='lat' dir='ltr'><strong>Petatur</strong></span> <span class='ocrx_word' id='word_1_319' title='bbox 703 4317 792 4373; x_wconf 87' lang='lat' dir='ltr'><strong>ultro:</strong></span> <span class='ocrx_word' id='word_1_320' title='bbox 816 4334 851 4373; x_wconf 92' lang='lat' dir='ltr'><strong>ne</strong></span> <span class='ocrx_word' id='word_1_321' title='bbox 874 4317 1062 4387; x_wconf 87' lang='lat' dir='ltr'><strong>quiescentem</strong></span> <span class='ocrx_word' id='word_1_322' title='bbox 1082 4317 1173 4386; x_wconf 80' lang='lat' dir='ltr'><strong>petat.</strong></span> 
     </span>
     <span class='ocr_line' id='line_1_40' title="bbox 564 4397 1307 4474; baseline -0.011 -14"><span class='ocrx_word' id='word_1_323' title='bbox 564 4404 623 4460; x_wconf 83' lang='lat' dir='ltr'><strong>Ant</strong></span> <span class='ocrx_word' id='word_1_324' title='bbox 645 4404 756 4474; x_wconf 85' lang='lat' dir='ltr'><strong>perdet,</strong></span> <span class='ocrx_word' id='word_1_325' title='bbox 779 4405 830 4460; x_wconf 84' lang='lat' dir='ltr'><strong>aut</strong></span> <span class='ocrx_word' id='word_1_326' title='bbox 851 4404 969 4474; x_wconf 86' lang='lat' dir='ltr'><strong>peribit,</strong></span> <span class='ocrx_word' id='word_1_327' title='bbox 990 4402 1021 4458; x_wconf 91' lang='lat' dir='ltr'><strong>in</strong></span> <span class='ocrx_word' id='word_1_328' title='bbox 1042 4402 1132 4458; x_wconf 87' lang='lat' dir='ltr'><strong>medio</strong></span> <span class='ocrx_word' id='word_1_329' title='bbox 1154 4402 1197 4458; x_wconf 88' lang='lat' dir='ltr'><strong>est</strong></span> <span class='ocrx_word' id='word_1_330' title='bbox 1218 4397 1307 4455; x_wconf 87' lang='lat' dir='ltr'><strong>scelus</strong></span> 
     </span>
    </p>
   </div>
   <div class='ocr_carea' id='block_1_8' title="bbox 565 4491 1350 4632">
    <p class='ocr_par' dir='ltr' id='par_1_11' title="bbox 565 4491 1350 4632">
     <span class='ocr_line' id='line_1_41' title="bbox 565 4491 871 4562; baseline -0.007 -15"><span class='ocrx_word' id='word_1_331' title='bbox 565 4491 691 4549; x_wconf 83' lang='lat' dir='ltr'><strong>Positum</strong></span> <span class='ocrx_word' id='word_1_332' title='bbox 712 4491 871 4562; x_wconf 83' lang='lat' dir='ltr'><strong>occupanti.</strong></span> 
     </span>
     <span class='ocr_line' id='line_1_42' title="bbox 1117 4569 1350 4632; baseline -0.026 0"><span class='ocrx_word' id='word_1_333' title='bbox 1117 4594 1145 4632; x_wconf 84' lang='lat' dir='ltr'><strong>r.</strong></span> <span class='ocrx_word' id='word_1_334' title='bbox 1171 4569 1350 4631; x_wconf 77' lang='lat' dir='ltr'><strong>los-204.</strong></span> 
     </span>
    </p>
   </div>
   <div class='ocr_carea' id='block_1_9' title="bbox 327 4690 1582 4882">
    <p class='ocr_par' dir='ltr' id='par_1_12' title="bbox 327 4690 1582 4882">
     <span class='ocr_line' id='line_1_43' title="bbox 409 4690 1581 4764; baseline -0.01 -2"><span class='ocrx_word' id='word_1_335' title='bbox 409 4697 553 4763; x_wconf 89' lang='lat' dir='ltr'><strong>Retinere</strong></span> <span class='ocrx_word' id='word_1_336' title='bbox 575 4702 720 4764; x_wconf 86' lang='lat' dir='ltr'><strong>furentem</strong></span> <span class='ocrx_word' id='word_1_337' title='bbox 742 4698 863 4762; x_wconf 87' lang='lat' dir='ltr'><strong>satelles</strong></span> <span class='ocrx_word' id='word_1_338' title='bbox 884 4702 1024 4761; x_wconf 89' lang='lat' dir='ltr'><strong>conatur:</strong></span> <span class='ocrx_word' id='word_1_339' title='bbox 1046 4702 1196 4761; x_wconf 86' lang='lat' dir='ltr'><strong>tractatur</strong></span> <span class='ocrx_word' id='word_1_340' title='bbox 1216 4692 1322 4757; x_wconf 88' lang='lat' dir='ltr'><strong>statim</strong></span> <span class='ocrx_word' id='word_1_341' title='bbox 1344 4690 1427 4755; x_wconf 90' lang='lat' dir='ltr'><strong>locus</strong></span> <span class='ocrx_word' id='word_1_342' title='bbox 1446 4707 1581 4753; x_wconf 89' lang='lat' dir='ltr'><strong>commu·</strong></span> 
     </span>
     <span class='ocr_line' id='line_1_44' title="bbox 327 4789 1582 4882; baseline -0.006 -21"><span class='ocrx_word' id='word_1_343' title='bbox 327 4798 388 4875; x_wconf 90' lang='lat' dir='ltr'><strong>nia,</strong></span> <span class='ocrx_word' id='word_1_344' title='bbox 420 4809 519 4865; x_wconf 88' lang='lat' dir='ltr'><strong>utrum</strong></span> <span class='ocrx_word' id='word_1_345' title='bbox 548 4801 588 4866; x_wconf 90' lang='lat' dir='ltr'><strong>sit</strong></span> <span class='ocrx_word' id='word_1_346' title='bbox 616 4801 721 4866; x_wconf 88' lang='lat' dir='ltr'><strong>melior</strong></span> <span class='ocrx_word' id='word_1_347' title='bbox 746 4801 883 4882; x_wconf 88' lang='lat' dir='ltr'><strong>improba</strong></span> <span class='ocrx_word' id='word_1_348' title='bbox 910 4807 942 4862; x_wconf 89' lang='lat' dir='ltr'><strong>st</strong></span> <span class='ocrx_word' id='word_1_349' title='bbox 966 4797 1117 4880; x_wconf 86' lang='lat' dir='ltr'><strong>negligens</strong></span> <span class='ocrx_word' id='word_1_350' title='bbox 1139 4801 1226 4862; x_wconf 80' lang='lat' dir='ltr'><strong>samm</strong></span> <span class='ocrx_word' id='word_1_351' title='bbox 1247 4792 1412 4858; x_wconf 89' lang='lat' dir='ltr'><strong>dominatio</strong></span> <span class='ocrx_word' id='word_1_352' title='bbox 1438 4811 1478 4856; x_wconf 86' lang='lat' dir='ltr'><strong>an</strong></span> <span class='ocrx_word' id='word_1_353' title='bbox 1501 4789 1582 4855; x_wconf 88' lang='lat' dir='ltr'><strong>mitis</strong></span> 
     </span>
    </p>
   </div>
   <div class='ocr_carea' id='block_1_10' title="bbox 0 0 1759 5396">
    <p class='ocr_par' dir='ltr' id='par_1_13' title="bbox 0 0 1759 5396">
     <span class='ocr_line' id='line_1_45' title="bbox 0 0 1759 5396; baseline 0 0"><span class='ocrx_word' id='word_1_354' title='bbox 0 0 1759 5396; x_wconf 95' lang='lat' dir='ltr'><strong> </strong></span> 
     </span>
    </p>
   </div>
  </div>
 </body>
</html>
