3554 5406
282 473 299 530 6
772 485 801 544 O.
826 489 858 546 ll.
882 488 1052 568 Sandstrdm.

280 659 333 717 tur
364 653 618 742 intelligaturque
653 659 735 724 banc
767 661 964 744 tragoediam
987 661 1077 745 quusi
1099 668 1224 743 partem
1244 661 1407 744 amplioris
1429 660 1537 744 cnjus-

280 757 351 820 dam
374 778 443 820 esse
465 761 645 842 tragoediae,
669 781 759 843 quam
783 762 888 824 animo
913 770 944 825 et
967 763 1158 844 cogitatione
1182 762 1276 826 liceat
1299 764 1426 844 fingere,
1449 763 1535 844 cujus

279 858 400 940 primus
433 871 520 926 actus
554 862 684 928 Helenae
710 862 873 926 libidinem
895 883 932 926 ac
955 865 1173 939 temeritatem,
1195 864 1310 928 tertius
1330 863 1535 940 Achivorum,

279 979 373 1043 quum
395 971 469 1044 post
489 963 580 1026 Ilium
603 972 728 1045 captum
751 964 861 1028 domos
885 971 1040 1046 repetunt,
1072 965 1240 1030 horribiles
1265 966 1456 1047 miserosque
1482 985 1536 1030 ca-

279 1081 342 1137 sus,
376 1064 494 1127 medius
517 1072 621 1128 autem
645 1066 738 1145 hujus
760 1065 861 1146 ipsius
884 1065 1009 1141 fabulae,
1037 1087 1131 1149 quam
1154 1067 1186 1130 in
1208 1067 1352 1132 manibus
1374 1067 1536 1144 habemus,

280 1182 329 1225 res
363 1171 395 1226 et
416 1174 629 1244 argumentum
653 1166 825 1230 contineat.
870 1165 947 1238 Quae
971 1187 1063 1249 quum
1088 1167 1192 1230 omnia
1214 1167 1304 1231 unius
1328 1168 1442 1232 fabulae
1464 1167 1536 1232 fini-

281 1265 338 1327 bus
362 1267 522 1330 includere
545 1267 638 1348 hujus
661 1267 766 1349 operis
790 1268 871 1330 ratio
898 1277 929 1330 et
951 1269 1050 1332 l'orma
1073 1269 1266 1351 prohiberet,
1289 1268 1336 1331 ita
1357 1269 1439 1332 hanc
1460 1287 1536 1350 par-

278 1375 340 1428 tem
372 1376 466 1448 poete
499 1368 623 1432 divellit
649 1379 681 1430 et
714 1369 878 1449 separavit
899 1389 919 1431 a
941 1370 1065 1444 ceteris,
1094 1376 1130 1432 ut
1152 1369 1192 1432 ab
1214 1373 1275 1433 hac
1297 1370 1328 1432 in
1352 1370 1423 1432 illas
1447 1369 1536 1452 quasi

278 1477 463 1550 prospectus
486 1469 613 1552 quidam
636 1469 715 1532 liber
737 1478 832 1550 atque
855 1479 983 1552 apertus
1007 1479 1139 1554 pateret.
1183 1472 1294 1554 Neque
1317 1472 1376 1534 hoc
1397 1470 1444 1550 ite
1466 1491 1535 1534 esse

236 1583 238 1586 ’
277 1579 394 1632 temere
424 1571 533 1652 judico
557 1580 612 1634 aut
644 1592 704 1633 non
738 1569 806 1651 ipse
840 1580 936 1653 poeta
965 1572 1093 1646 clamat,
1116 1592 1209 1656 quam
1233 1573 1265 1635 in
1287 1580 1410 1653 partem
1432 1572 1535 1654 accipi

277 1691 365 1734 suam
390 1672 526 1736 fabulam
551 1672 637 1734 velit.
670 1673 740 1736 Hoc
762 1672 842 1734 enim
866 1672 997 1736 oonsilio
1020 1675 1181 1755 prologum
1204 1673 1354 1749 feoit‚ubi
1369 1674 1534 1754 Neptunus

279 1781 310 1834 et
332 1773 488 1848 Minerva,
512 1773 666 1854 depositis
689 1772 866 1836 inimicitiis
894 1794 970 1856 quas
985 1774 1060 1837 belli
1076 1775 1195 1855 trojani
1211 1794 1305 1838 causa
1320 1783 1535 1856 susceperant,

278 1894 339 1936 uno
363 1875 468 1937 auimo
492 1875 533 1936 ad
555 1874 750 1938 Achivorum
775 1875 904 1937 exitium
929 1875 1155 1956 conspirantes,
1173 1876 1226 1938 ille
1242 1876 1438 1940 turbulentas
1454 1885 1533 1938 tem-

277 1983 417 2056 pestates
450 1976 625 2058 iratumque
659 1995 755 2049 mare,
786 1977 852 2038 haec
885 1976 1017 2039 fulmina
1041 1977 1209 2058 pollicetur
1232 1985 1264 2040 et
1285 1977 1388 2058 patrie
1412 1985 1443 2039 et
1465 1995 1533 2040 sua.

277 2077 359 2139 Huic
380 2076 442 2159 ipsi
467 2077 583 2140 rationi
606 2086 847 2141 consentaneum
871 2085 929 2152 est,
953 2079 1035 2159 quod
1057 2077 1204 2142 Menelao
1227 2087 1380 2159 praesente
1403 2078 1534 2142 Hecuba

277 2178 430 2241 Helenam
455 2178 567 2259 capitis
591 2187 720 2241 accusat
743 2197 870 2260 eamque
894 2179 1029 2242 omnium
1053 2178 1204 2242 malorum
1222 2189 1254 2242 et
1269 2179 1387 2244 Graecis
1404 2187 1436 2242 et
1452 2181 1534 2242 Tro·

274 2279 359 2360 janis
383 2299 510 2342 causam
535 2280 633 2342 fuisse
657 2280 869 2355 demonstrat;
898 2288 932 2343 ut
956 2279 1061 2361 biceps
1083 2281 1312 2362 quodammodo
1339 2279 1406 2343 haec
1427 2279 1535 2343 fabula

276 2381 319 2442 sit
341 2389 384 2450 et
417 2381 449 2442 in
483 2392 645 2462 utramque
678 2393 799 2462 partem
828 2389 949 2463 spectet
972 2389 1094 2444 etcum
1119 2381 1535 2464 futurispraeteritajuxta

276 2482 532 2563 comprehendat.
575 2483 785 2546 Referendem
819 2492 923 2545 autem
953 2501 1021 2544 esse
1044 2491 1181 2564 apparet
1203 2485 1243 2545 ad
1266 2483 1298 2544 id
1321 2501 1428 2564 genus,
1451 2483 1534 2564 quod

277 2585 308 2647 in
344 2586 477 2648 fortuna
509 2585 666 2647 varietate
700 2592 854 2659 versatur,
889 2604 987 2664 neque
1021 2584 1053 2646 id
1076 2583 1264 2665 simpliciter
1286 2591 1342 2646 aut
1363 2583 1534 2664 Trojanam

276 2688 368 2749 modo
392 2707 456 2748 rem
479 2686 754 2760 intuentibus,sed
777 2686 842 2748 sive
865 2684 958 2764 hujus
982 2684 1049 2748 sive
1073 2685 1158 2747 illius
1182 2685 1289 2767 populi
1312 2703 1362 2746 res
1384 2691 1534 2766 spectem·

159 2867 161 2872 ,
275 2796 337 2850 tur.
381 2787 464 2850 Nam
499 2796 535 2849 ut
567 2787 709 2868 Trojeni,
733 2806 825 2868 quum
850 2807 906 2867 per
929 2787 1056 2867 longum
1080 2786 1256 2850 seculorum
1278 2784 1421 2849 ordinem
1444 2785 1534 2848 inco-

275 2889 374 2952 lumes
403 2890 579 2962 stetissent,
600 2896 732 2970 propter
753 2888 845 2950 unius
879 2887 1042 2951 libidinem
1064 2887 1192 2951 Paridis
1216 2907 1255 2950 ex
1278 2887 1425 2968 opulento
1448 2894 1534 2950 statu

275 2991 317 3052 ad
350 2990 482 3053 nihilum
516 2998 592 3052 sunt
613 2989 746 3063 redacti,
769 2989 815 3050 sic
837 2982 1019 3070 expugnata
1041 2990 1138 3068 Troja
1161 2989 1280 3052 Graecis
1304 3006 1438 3071 quoque,
1461 2987 1533 3050 dum

275 3092 411 3154 victoria
433 3090 606 3154 insolenter
629 3091 811 3164 abutuntur,
835 3091 906 3152 dum
932 3090 1035 3152 omnia
1057 3097 1155 3172 agunt
1177 3092 1352 3171 feruntque,
1375 3089 1447 3152 dum
1471 3108 1532 3150 non

274 3193 525 3258 imbecillitatem
548 3213 668 3268 senum,
691 3212 752 3254 non
776 3191 894 3272 regiam
922 3192 1131 3272 majestatem,
1153 3211 1213 3255 non
1236 3189 1419 3272 pudicitiam
1433 3188 1533 3270 virgi-

275 3316 345 3358 num
379 3295 578 3358 sacerdotum
602 3301 761 3366 verentur,
788 3292 879 3355 fatali
904 3295 1007 3356 furore
1031 3293 1237 3374 gestientibus
1260 3291 1391 3354 tacitum
1413 3290 1533 3373 ingruit

274 3397 376 3460 simile
410 3396 605 3458 devictorum
639 3395 781 3457 cladibus
819 3393 962 3456 exitium.
1017 3394 1071 3458 Sic
1104 3393 1224 3457 similia
1257 3411 1383 3474 semper
1415 3411 1455 3454 ex
1487 3390 1533 3454 si-

274 3498 401 3562 milibus
425 3498 581 3561 oriuntur:
616 3497 661 3559 sic
683 3497 753 3577 ipso
776 3495 924 3576 supplicii
947 3502 1089 3576 tempore
1112 3513 1195 3557 nova
1216 3493 1442 3576 suppliciorum
1464 3513 1533 3555 ma-

274 3599 356 3664 teria
378 3599 564 3674 succrescit3
593 3607 625 3661 et
647 3598 906 3681 quemadmodum
929 3595 961 3658 in
984 3597 1115 3659 turbida
1137 3602 1324 3678 tempestate
1346 3594 1402 3656 vix
1424 3613 1532 3659 recen-

272 3702 315 3763 tis
349 3702 482 3763 tonitrus
516 3701 622 3780 fragor
646 3699 734 3772 abiit,
757 3717 851 3780 quum
871 3699 937 3779 jam
962 3697 1163 3760 adventantis
1188 3696 1400 3760 exaudiuntur
1422 3715 1438 3758 e
1460 3696 1532 3758 lon·

273 3802 387 3884 ginquo
411 3820 577 3872 murmura,
604 3799 650 3863 sio
673 3819 734 3862 uno
759 3802 928 3880 eodemque
950 3807 1090 3880 tempore
1112 3799 1224 3861 summi
1247 3795 1382 3861 numinis
1405 3797 1533 3860 decreta

272 3903 393 3986 partim
414 3903 625 3985 perficiuntur,
648 3900 764 3982 partim
782 3900 848 3980 jam
873 3907 1094 3982 praeparantur
1117 3907 1149 3963 et
1170 3899 1344 3962 imminent.

336 4005 443 4087 Atque
462 4012 498 4066 ut
512 4004 572 4066 hoo
588 4003 759 4084 prudenter
775 4001 917 4064 instituit
935 4009 1040 4082 poeta,
1057 4001 1105 4064 ita
1117 3999 1359 4084 prudentissime
1370 3999 1403 4062 in
1416 3997 1530 4062 ceteris

273 4104 389 4169 fabulae
411 4105 556 4186 partibus
580 4111 629 4167 est
652 4113 805 4166 versatus.
848 4102 997 4164 Habebat
1021 4103 1054 4164 in
1078 4104 1179 4166 animo
1203 4109 1391 4182 expugnata
1414 4099 1530 4162 civita»-

273 4209 315 4270 tis
338 4207 483 4270 miserias
507 4204 673 4286 depingere
681 4225 690 4280 ;
715 4203 846 4266 videbat
867 4203 980 4265 multas
1004 4205 1169 4266 multorum
1191 4222 1254 4266 uua
1274 4201 1439 4282 tragoedia
1454 4219 1531 4264 con·
1639 4247 1644 4256 .

273 4309 442 4374 cludendae
476 4326 544 4369 esse
573 4304 787 4368 calamitates:
811 4323 954 4384 magnum
977 4305 1044 4366 iore
1067 4303 1235 4386 periculum
1260 4301 1468 4383 intelligebat,
1491 4320 1528 4364 ne

272 4419 395 4476 tantam
430 4427 531 4472 rernm
564 4406 795 4470 multitudinem
827 4405 1109 4487 diversitatemque
1132 4404 1164 4468 in
1189 4423 1282 4468 unum
1306 4405 1444 4468 conflare
1467 4421 1527 4467 non

272 4519 381 4595 posset
413 4510 631 4590 videreturque
665 4527 725 4570 non
759 4527 850 4570 unum
885 4507 1041 4589 quoddam
1075 4506 1189 4570 fabulae
1222 4524 1335 4588 corpus
1357 4505 1414 4568 sed
1436 4503 1528 4586 quasi

273 4612 415 4678 membra
446 4619 564 4674 temere
597 4609 741 4692 dispersa
774 4609 936 4672 exsistere.
990 4609 1070 4672 Tum
1093 4626 1167 4672 vero
1189 4606 1266 4669 illud
1291 4625 1414 4689 quoque
1436 4604 1529 4680 vidit,

274 4723 309 4778 ut
345 4713 458 4778 ceteris
490 4711 583 4775 rebus
606 4727 712 4774 omnes
749 4710 813 4772 fere
836 4709 947 4774 fabulae
969 4729 1111 4792 personae
1133 4727 1225 4790 pares
1247 4716 1364 4782 essent,
1386 4705 1529 4771 utnulla
