3554 5406
315 521 354 580 14
804 517 834 574 0.
858 519 889 574 ll.
912 517 1085 576 Sandstrom.

311 713 370 758 non
391 711 472 774 sape
494 691 569 754 alias
590 689 742 755 tribuendi
763 689 795 754 in
817 689 874 753 hac
895 695 999 752 nostra
1019 685 1224 768 disputatione
1247 685 1427 768 praebebitur
1441 683 1567 749 occasio.

309 796 422 858 Fateor
443 793 520 856 enim
542 792 653 856 habere
676 791 756 855 bunc
776 791 873 854 locum
895 791 998 863 multa,
1020 809 1086 871 quae
1108 807 1167 851 non
1189 789 1276 851 modo
1288 787 1384 868 prima
1394 785 1505 868 speeie,
1516 787 1567 848 sed

310 895 401 958 etiam
423 901 588 957 retractata
610 913 716 974 capere
739 912 792 955 nos
805 889 937 974 possint;
958 889 1018 953 vim
1042 909 1190 972 magnam,
1201 889 1408 952 vehementem
1421 887 1568 962 ardorem,

310 996 421 1060 doloris
443 1003 543 1058 autem
565 1003 596 1057 et
616 993 737 1075 pietatis
759 1002 904 1056 maternae
916 992 1065 1074 picturam
1078 990 1227 1054 nonnullis
1240 989 1311 1053 locis
1323 989 1488 1070 egregiam:
1502 999 1567 1051 tum

310 1117 373 1161 rem
396 1116 473 1169 eam,
492 1115 557 1178 quae
580 1096 685 1176 agitur,
696 1095 742 1158 ita
753 1114 817 1158 esee
829 1100 1045 1176 comparatam,
1056 1100 1091 1155 ut
1101 1091 1176 1154 satis
1188 1100 1324 1154 attentos
1336 1110 1391 1154 nos
1402 1097 1507 1153 teneat
1518 1099 1568 1152 at-

311 1217 367 1281 que
383 1215 543 1280 suspensos
565 1217 689 1279 eamque
711 1197 815 1277 rapido
837 1196 965 1278 quodam
988 1214 1077 1257 cursu
1098 1202 1129 1255 et
1150 1192 1237 1274 quasi
1258 1199 1390 1255 torrente
1402 1191 1566 1254 decurrere.

312 1301 425 1363 Fateor
457 1298 585 1380 denique
612 1297 745 1362 effecisse
778 1296 829 1360 hie
859 1296 1020 1370 Senecam,
1049 1295 1081 1357 id
1112 1294 1189 1375 quod
1221 1311 1290 1356 raro
1322 1291 1430 1366 affecit,
1452 1299 1566 1356 utnon

312 1401 399 1466 modo
421 1400 514 1463 rerba
535 1399 648 1472 andire,
669 1399 723 1460 sed
745 1396 836 1460 etiam
857 1416 920 1460 reru
943 1397 1039 1477 ipsam
1062 1413 1182 1458 cernere
1205 1395 1334 1456 videare.

398 1501 460 1566 Sed
493 1509 527 1563 ut
548 1499 612 1562 baee
633 1519 737 1563 omnes
759 1497 911 1560 laudanda
933 1517 998 1560 esse
1021 1496 1194 1570 concedent,
1215 1494 1260 1557 ita
1281 1515 1318 1556 ne
1340 1494 1370 1556 in
1393 1512 1427 1556 eo
1449 1491 1567 1572 quidem

312 1601 399 1664 multi
421 1621 440 1664 a
462 1621 508 1663 me
523 1600 711 1675 dissentient,
732 1608 828 1662 totum
851 1598 910 1661 hoe
931 1606 1140 1671 commentum,
1162 1597 1240 1679 qnod
1253 1615 1371 1670 novom,
1383 1593 1498 1676 opinor,
1509 1593 1567 1658 Se-

311 1723 386 1766 neca
402 1701 531 1775 induxit,
552 1701 652 1783 paullo
674 1701 789 1783 longius
817 1720 882 1762 esse
904 1699 1079 1762 arcessitum
1092 1706 1125 1762 et
1135 1717 1233 1761 rerum
1246 1696 1368 1759 veritati
1380 1715 1415 1759 ae
1427 1695 1494 1758 fidei
1509 1715 1568 1758 non

311 1803 400 1866 nimis
431 1822 497 1866 esse
518 1801 705 1865 conveniens.
749 1801 833 1864 Nihil
854 1799 1033 1874 credibilius,
1054 1799 1127 1862 nihil
1149 1797 1274 1862 similius
1297 1797 1361 1861 veri
1381 1816 1470 1878 quam
1492 1817 1565 1880 quo-

309 1904 396 1968 modo
428 1924 491 1967 rem
513 1911 612 1966 actam
635 1922 809 1983 essequam
831 1902 921 1966 ceteri
947 1909 1044 1982 poetae
1065 1899 1253 1964 tradiderunt
1273 1906 1339 1962 tum
1360 1898 1391 1962 in
1413 1899 1563 1963 Troadum

309 2004 410 2070 iabula
442 2003 615 2086 Euripides:
649 2013 824 2085 expugnata
856 2003 947 2083 Troja
978 2002 1111 2082 diligenti
1143 2000 1280 2064 custodia
1304 2011 1476 2064 asservatos
1500 2020 1565 2064 esse

310 2105 446 2187 captivos
478 2125 585 2188 eosque
617 2105 774 2186 imprimis,
806 2105 856 2187 qui
889 2123 955 2167 cum
988 2102 1068 2182 regia
1100 2103 1187 2165 domo
1219 2101 1442 2184 propinquitate
1464 2109 1565 2166 essent

310 2207 478 2288 conjuncti:
510 2207 555 2269 ita
582 2226 671 2289 quum
694 2205 857 2287 placuisset
879 2205 992 2270 Graecis
1014 2203 1106 2267 lilium
1128 2203 1269 2267 Hectoris
1291 2209 1321 2264 et
1342 2200 1564 2266 Andromacha

313 2308 418 2384 occidi,
440 2306 634 2390 Talthybinm
662 2307 869 2370 tantummodo
892 2307 939 2369 vel
961 2305 1051 2368 alium
1075 2305 1203 2386 aliquem
1227 2303 1358 2384 ejusdem
1381 2303 1494 2366 ordinis
1516 2303 1564 2366 vi·

309 2429 374 2472 rum
396 2409 435 2473 ad
458 2409 665 2472 abducendum
698 2427 819 2489 puerum
842 2407 975 2470 missum.
1019 2407 1093 2470 Haec
1114 2425 1183 2468 vero
1206 2423 1293 2486 quam
1316 2404 1459 2480 absurda,
1474 2425 1562 2487 quam

311 2530 371 2572 non
392 2509 560 2574 credibilia!
593 2509 727 2572 Primum
754 2517 818 2574 tam
841 2509 1023 2590 negligenter
1044 2506 1181 2587 captivos
1202 2505 1293 2569 inisse
1314 2505 1480 2569 custoditos
1495 2514 1565 2570 tan·

310 2619 433 2694 tamque
464 2611 496 2674 in
525 2630 560 2674 eo
592 2611 758 2692 prasertim
791 2609 889 2692 eapite
922 2610 1014 2673 fnisse
1035 2608 1189 2682 incuriam,
1211 2607 1290 2670 unde
1312 2613 1375 2670 tam
1396 2626 1485 2687 grave
1507 2608 1566 2673 sibi

312 2712 411 2776 Graeci
432 2712 594 2794 perieulum
616 2711 725 2774 exoriri
746 2731 832 2793 posse
853 2718 1005 2792 putarent,
1026 2718 1061 2772 ut
1082 2729 1149 2772 eum
1171 2718 1320 2772 mortuum
1343 2727 1407 2770 esse
1423 2708 1567 2775 audacter

310 2814 447 2876 ementiri
468 2821 570 2893 posset
601 2811 818 2876 Andromacha
839 2812 922 2894 eique
945 2811 1099 2874 mendacio
1121 2810 1335 2892 propemodum
1357 2809 1445 2872 fidem
1459 2809 1566 2876 Ulixes

309 2915 481 2996 adjungere!
523 2915 600 2977 Tum
632 2914 726 2976 filium
758 2913 788 2975 in
821 2913 916 2995 patris
937 2911 1127 2994 sepulchrum
1149 2912 1346 2974 occultatum:
1369 2931 1428 2993 qna
1449 2911 1565 2976 ratione

311 3025 346 3080 ut
376 3023 486 3097 postea
518 3015 614 3078 exiret
646 3023 700 3078 aut
720 3034 781 3097 qna
812 3033 866 3097 spe
899 3013 1005 3076 salutis
1033 3014 1064 3076 iu
1086 3012 1258 3095 posterum?
1299 3012 1382 3074 Leve
1410 3019 1457 3074 est
1476 3011 1566 3088 enirn,

310 3117 389 3200 quod
443 3118 481 3181 ad
525 3115 589 3180 haec
632 3125 722 3197 poeta
761 3116 825 3197 ipse
867 3114 1044 3196 respondet:
1089 3133 1196 3195 nempe
1228 3121 1262 3176 ut
1291 3113 1406 3195 primus
1438 3113 1567 3195 impetus

310 3218 456 3282 victorum
494 3217 650 3298 interjecto
688 3216 786 3298 spatio
822 3211 1019 3296 frangeretu'r.
1073 3214 1162 3287 Quod
1200 3214 1317 3297 quidem
1351 3223 1566 3291 commentum,

310 3319 449 3402 quoniam
480 3319 511 3380 in
543 3317 669 3400 trepidis
696 3318 785 3380 rebus
817 3337 876 3379 non
908 3317 1068 3398 eliguntur,
1098 3316 1331 3397 sedrapiuntur
1352 3315 1474 3390 auxilia,
1495 3336 1566 3398 pro-

310 3420 438 3483 babilius
474 3420 606 3501 paullulo
639 3419 756 3493 fuisset,
788 3419 813 3482 si
846 3439 906 3482 non
938 3439 977 3481 ex
1008 3418 1114 3481 somnii
1146 3426 1265 3480 tantum
1298 3436 1410 3498 pavore
1443 3417 1566 3499 capien-

307 3527 369 3585 tem
401 3522 431 3585 id
465 3521 619 3585 consilium
651 3520 770 3585 lecisset
800 3519 1045 3595 Andromachen,
1076 3519 1131 3581 sed
1161 3518 1211 3582 illo
1236 3517 1301 3600 ipso
1324 3517 1490 3601 principum
1512 3520 1566 3583 de-

309 3632 391 3688 creto
423 3622 598 3704 perculsam,
626 3641 684 3705 quo
716 3621 843 3697 facilius,
873 3621 1000 3685 instanti
1031 3621 1173 3702 periculo,
1209 3620 1257 3684 rel
1289 3622 1329 3684 ad
1350 3639 1431 3682 vana
1452 3619 1565 3684 auxilia

307 3724 458 3787 rideretur
488 3723 620 3805 potuisse
652 3724 840 3787 descendere.
883 3723 974 3786 Nono
1007 3742 1073 3784 eam
1105 3722 1290 3803 ignorantem
1317 3721 1391 3785 illud
1413 3720 1563 3784 decretum

204 3871 212 3881 -
308 3824 391 3900 tacit,
422 3844 488 3888 eam
520 3824 636 3890 scilicet
667 3823 705 3886 ob
738 3843 871 3900 causam,
893 3833 927 3888 ut
947 3833 1086 3906 paratum
1112 3823 1224 3888 habeat
1245 3823 1362 3898 Ulixes,
1384 3841 1442 3905 quo
1463 3822 1563 3886 subito

310 3926 428 4008 prolato
460 3926 491 3988 in
524 3944 630 3990 sensus
664 3925 728 4006 ejus
749 3925 889 4006 inquirat
933 3923 1035 3996 Quid?
1054 3925 1264 4006 jusjurandum
1285 3925 1368 4000 illud,
1390 3942 1449 4006 quo
1470 3924 1563 3990 filium

308 4027 422 4109 perisse
453 4027 620 4103 confirmat,
642 4045 710 4109 quo,
733 4045 810 4088 noro
832 4034 922 4109 atque
944 4026 1080 4089 inaudito
1102 4045 1193 4102 more,
1216 4044 1275 4088 non
1298 4033 1425 4088 mortem
1446 4023 1516 4100 eibi,
1537 4025 1564 4088 si

308 4128 406 4202 fallat,
437 4129 491 4191 sed
523 4128 617 4191 vitam
644 4129 837 4208 imprecatur,
860 4135 959 4190 utrum
980 4128 1102 4190 tandem
1125 4148 1179 4209 pro
1200 4146 1298 4190 rerum
1320 4125 1446 4190 veritate
1467 4126 1563 4189 confi-

260 4239 264 4246 '
308 4239 388 4294 ctum
410 4249 449 4292 an
471 4249 510 4291 ex
531 4248 609 4293 varro
630 4229 774 4294 novitatis
795 4237 826 4291 et
848 4228 1033 4309 argutiarum
1055 4228 1155 4292 studio
1177 4237 1280 4292 natum
1302 4227 1440 4290 videtur?
1461 4224 1563 4297 Quid?

309 4332 388 4414 quod
408 4330 640 4407 Andromacha,
661 4351 752 4414 quum
774 4329 917 4393 Hectoris
938 4330 1086 4393 tumulum
1107 4329 1213 4394 Ulixes
1235 4329 1402 4392 diruturum
1423 4347 1488 4390 sese
1503 4329 1563 4392 mi-

309 4441 400 4497 natus
432 4441 487 4507 eat,
519 4432 673 4515 aliquanto
695 4441 765 4513 post
797 4431 915 4494 demum
940 4432 1097 4506 succurrit,
1119 4451 1177 4494 non
1199 4449 1287 4512 posse
1309 4430 1391 4493 illum
1413 4429 1561 4494 tumulum

308 4533 410 4610 everti,
433 4542 466 4596 ut
488 4552 547 4597 non
569 4535 670 4598 eodem
692 4541 827 4614 tempore
848 4541 902 4596 aut
923 4532 1092 4596 inveniatur
1112 4533 1192 4596 filius
1214 4540 1267 4596 aut
1281 4531 1433 4595 intereat?
1474 4531 1562 4594 Tan-

259 4629 269 4642 ”’
308 4645 409 4698 tamne
430 4634 461 4698 in
483 4641 580 4698 matre
601 4655 666 4698 esee
688 4633 877 4710 oblivionem,
894 4641 1013 4698 tantam
1034 4634 1065 4696 in
1082 4641 1216 4696 extremo
1232 4633 1363 4713 periculo
1378 4631 1560 4696 socordiam!

309 4755 369 4799 non
390 4736 507 4811 statim,
529 4744 565 4800 nt
585 4754 691 4800 nomeu
713 4734 811 4818 ipsum
831 4735 939 4800 tumuli
967 4735 1078 4812 sonuit,
1092 4734 1221 4811 exsilire,
1231 4734 1404 4817 pallescere,
1415 4733 1457 4797 ibi
1468 4732 1560 4797 tilium
