3554 5406
566 505 607 561 ns
628 505 660 561 n.
682 505 781 561 Anum
802 504 913 561 sesses
935 501 1106 577 dragmata.
1434 505 1470 560 rs

218 695 283 738 esse
314 675 464 756 cogitare?
506 676 551 740 At
583 695 641 740 uon
671 684 742 738 sunt
774 675 874 738 omnia
905 675 950 738 ita
982 693 1084 736 severe
1106 693 1174 736 oum
1196 671 1292 755 poetis
1313 673 1475 754 exigenda3

218 777 348 840 dandum
380 777 492 860 aliquid
525 777 663 840 sollemni
685 796 784 840 eornm
807 776 935 839 liuentia
956 784 1011 850 est,
1033 774 1253 837 connivendum
1275 774 1305 836 in
1329 775 1475 856 ejusmodi

217 877 311 952 vitiis,
331 897 397 960 quae
419 878 515 958 major
536 887 567 941 et
588 877 763 960 exquisitior
784 886 985 957 consequatur
1005 876 1154 956 voluptas.
1187 874 1354 938 Videamus
1375 877 1474 956 igitar,

216 979 247 1042 in
280 996 473 1060 personarum
507 979 638 1042 moribus
675 977 851 1059 effingendis
883 998 971 1059 quam
1004 997 1037 1039 se
1075 975 1184 1039 bonum
1211 984 1332 1058 poetam
1354 979 1476 1058 prasti-

216 1081 297 1144 ierit.

299 1182 334 1243 In
357 1181 448 1244 Ulixe
470 1200 617 1244 surumam
640 1199 706 1244 esse
728 1179 956 1253 humanitatem,
977 1199 1125 1242 summam
1147 1179 1379 1242 misericordiam
1402 1199 1475 1244 oon·

217 1281 317 1344 tendit
337 1282 486 1344 Kleinius.
518 1282 675 1362 Equidem,
696 1282 792 1363 qualis
812 1280 884 1344 mihi
903 1300 967 1343 esse
980 1280 1126 1354 videatur,
1138 1299 1195 1343 uon
1209 1289 1272 1344 taur
1285 1281 1369 1344 iaoile
1382 1301 1477 1364 expe·

218 1382 342 1446 diverim
374 1403 461 1465 quam
488 1403 546 1444 nou
569 1383 661 1446 talem
684 1382 776 1446 videri
798 1401 851 1464 pro
873 1391 955 1446 nerto
977 1381 1199 1444 affirmaverim.
1242 1383 1318 1445 Dum
1339 1383 1416 1445 enim
1439 1403 1475 1448 a·

216 1484 277 1565 pud
300 1481 422 1548 Graeoos
444 1493 549 1566 poetas
570 1483 671 1548 Ulixis
693 1483 887 1546 inueniuntur
908 1501 1059 1563 personae3
1074 1502 1139 1564 quas
1160 1482 1347 1565 quumiuitio
1361 1503 1400 1546 ex
1413 1502 1473 1547 uuo

218 1594 308 1666 atque
341 1584 445 1648 eodem
470 1593 626 1667 tamquam
649 1584 814 1665 exemplari
836 1585 946 1646 fuerint
968 1603 1127 1664 expressa,
1148 1593 1218 1665 post
1238 1584 1344 1646 leviter
1364 1584 1394 1647 iu
1417 1584 1474 1648 bo·

217 1685 330 1749 nestius
374 1687 532 1766 turpiusve
566 1694 691 1748 mutata
726 1685 932 1748 dissimillima
965 1694 1134 1747 evaserunt.
1195 1682 1330 1755 Quarum
1366 1685 1397 1746 id
1426 1693 1473 1748 est

216 1805 385 1860 commuue,
401 1796 436 1849 ut
457 1786 487 1849 in
511 1795 637 1867 utraque
659 1807 776 1850 summa
796 1785 909 1866 ingenii
933 1784 1068 1848 sollertia
1088 1786 1232 1866 fingatur;
1255 1786 1397 1848 differunt
1418 1805 1474 1848 au-

214 1896 284 1964 tem,
306 1887 430 1969 perinde
462 1895 496 1950 ut
525 1888 582 1950 bon
603 1888 714 1968 ingenii
736 1889 846 1950 bonum
869 1887 908 1948 ad
930 1885 1074 1948 malitium
1098 1887 1193 1967 magis
1214 1894 1270 1950 aut
1291 1887 1331 1949 ad
1351 1887 1473 1968 sapien·

215 1989 289 2052 tiam
310 1989 451 2053 flectitur.
494 1990 544 2052 Ita
570 1989 600 2051 in
623 1989 689 2050 aliis
712 1989 822 2052 fabulis
843 1988 972 2068 prudens
992 1987 1113 2068 fingitur
1133 1988 1271 2070 idemque
1293 1988 1475 2052 humanissi-

216 2107 293 2166 mus,
325 2089 388 2152 suia
421 2088 584 2154 commodis
605 2089 722 2153 modice
744 2090 841 2164 latus,
864 2087 970 2151 alienis
993 2107 1050 2151 nou
1074 2088 1223 2151 insultans
1245 2088 1342 2165 malis,
1356 2089 1475 2153 utilita-

214 2191 254 2255 tis
285 2211 347 2256 suae
383 2209 450 2255 oum
482 2191 653 2254 honestatis
686 2191 802 2254 rationo
834 2191 957 2252 effector
981 2189 1208 2278 callidissimum
1231 2191 1318 2253 modo
1341 2191 1473 2269 dolosas,

215 2291 394 2368 malitiosus,
414 2301 544 2367 astutus,
566 2312 625 2355 non
650 2292 813 2366 hominum,
835 2311 892 2353 non
916 2291 1038 2354 deorum
1061 2291 1240 2354 verecundia
1260 2299 1370 2366 taetus,
1391 2293 1475 2374 quio·

215 2393 285 2475 quid
318 2393 420 2458 animo
454 2393 626 2474 agitaverit,
658 2392 698 2469 vi,
730 2393 808 2469 dolo,
841 2411 1024 2475 quocumque
1047 2391 1174 2474 denique
1201 2393 1289 2454 modo
1310 2394 1475 2474 perliniens.

216 2495 334 2558 Harum
366 2495 457 2576 igitur
488 2513 683 2577 personarum
716 2495 812 2558 utrius
834 2494 872 2556 ad
895 2493 1118 2556 similitudinem
1142 2493 1190 2556 hio
1211 2493 1317 2557 Ulixes
1339 2496 1474 2570 onomat,

215 2595 409 2660 vehementer
430 2595 462 2658 iu
489 2595 628 2675 ambiguo
651 2603 711 2658 est:
733 2594 791 2658 nisi
813 2595 899 2670 forte,
921 2594 992 2676 quia
1013 2593 1145 2658 humana
1166 2594 1230 2674 ejus
1252 2594 1334 2658 diota
1355 2596 1474 2676 fingun-

215 2704 275 2772 tur,
303 2697 414 2760 ideireo
437 2697 524 2760 nobis
545 2707 592 2760 est
613 2697 822 2770 omittendum,
842 2716 931 2778 quam
954 2695 1077 2770 nefarie,
1099 2715 1187 2776 quam
1210 2696 1372 2759 crudeliter
1392 2707 1473 2778 agat.

215 2798 296 2862 Nam
319 2798 425 2879 pietati
448 2797 554 2860 matris
575 2797 699 2861 iusidias
721 2806 845 2871 struere,
867 2797 1012 2860 afflictam
1035 2804 1066 2858 et
1087 2797 1233 2877 perditam
1256 2798 1387 2862 omnium
1401 2798 1474 2862 bor·

215 2917 315 2962 rorum
336 2899 465 2962 stimulis
486 2899 670 2974 irritarent,
693 2899 830 2981 quioquid
853 2898 907 2960 illa
931 2896 1123 2972 inhorruerit,
1135 2898 1273 2980 quioquid
1285 2899 1475 2980 expalluerit,

214 2999 245 3062 in
268 3000 320 3062 filii
342 3000 467 3064 exitium
489 3009 599 3075 vertat,
621 3001 829 3064 nenessitatem
852 2999 878 3062 ei
900 3008 962 3061 tam
986 2998 1137 3072 acerbam,
1157 3010 1221 3063 tam
1243 2999 1403 3064 immanem
1415 3000 1474 3064 im-

215 3119 335 3180 ponere,
357 3109 392 3164 ut
424 3109 478 3163 aut
509 3101 601 3164 filium
633 3101 738 3164 tradat
769 3100 980 3164 trucidandum
1014 3109 1068 3162 aut
1089 3101 1221 3181 conjugis
1242 3121 1345 3164 nranes
1369 3100 1474 3164 violari

214 3201 306 3277 sinat,
328 3220 388 3265 nnn
409 3202 527 3266 videtur
548 3221 614 3264 esse
635 3202 763 3266 huminis
784 3193 918 3276 humaui,
940 3202 992 3264 sed
1014 3201 1140 3281 agrestia
1161 3202 1286 3282 alicujus
1308 3210 1339 3264 et
1359 3203 1475 3266 efferati

216 3310 248 3363 et
268 3301 308 3366 ab
330 3303 410 3365 omni
432 3303 633 3366 humanitatis
666 3323 754 3366 sensu
775 3303 890 3366 remoti.
934 3302 979 3366 At
996 3303 1125 3382 jubebat
1147 3303 1287 3376 olfioinru,
1310 3303 1474 3368 necessitas
1523 3364 1529 3376 ,

213 3402 393 3485 imperabat.
437 3405 614 3485 Imperabat
634 3404 688 3466 illa
719 3404 850 3487 quidem,
871 3423 992 3486 puerum
1015 3403 1067 3466 ubi
1088 3404 1198 3466 lateret
1218 3403 1391 3485 exquirere3
1413 3423 1472 3468 non

214 3502 392 3586 imperabat,
414 3505 460 3568 ita
481 3525 545 3568 esso
566 3525 714 3586 sagacem,
735 3515 771 3568 ut
792 3508 840 3567 las
862 3525 947 3568 omne
969 3513 1000 3566 et
1018 3503 1068 3584 jus
1090 3504 1222 3586 gentium
1240 3506 1482 3585 proculcantur,

215 3605 281 3669 Fae
312 3614 414 3668 mnan
447 3607 541 3670 fuisse
574 3627 695 3670 neeesse
716 3607 776 3670 ista
807 3607 859 3670 via
890 3604 1036 3686 grassari:
1058 3614 1161 3686 potest
1181 3606 1255 3680 fieri,
1276 3615 1311 3669 ut
1332 3607 1471 3688 quamvis

213 3705 342 3768 clemens
375 3706 463 3770 bomo
498 3715 530 3770 et
550 3709 644 3784 mitis,
666 3706 698 3769 vi
720 3708 819 3790 aliqua
840 3717 895 3769 aut
916 3714 1069 3788 potestate
1092 3715 1226 3781 coactus,
1247 3707 1349 3772 durius
1370 3708 1473 3789 paullo

212 3806 270 3870 sibi
292 3807 440 3888 agendum
462 3827 526 3870 esse
547 3809 727 3872 arbitretur:
748 3817 783 3871 ut
804 3827 874 3872 vero
896 3807 1041 3888 flagitium
1063 3809 1220 3890 suscipiat,
1242 3817 1277 3871 ut
1297 3809 1474 3873 immanita·

214 3915 285 3984 tem,
316 3908 401 3972 nulla
422 3908 468 3972 vis
489 3919 583 3990 coget,
605 3911 717 3972 nullum
740 3910 870 3972 adducet
890 3909 1056 3990 imperium.
1097 3908 1164 3972 Ant
1184 3909 1270 3972 init-io
1293 3918 1473 3992 aspernatus

212 4009 274 4070 tale
296 4009 450 4090 negotium
471 4020 552 4074 esset
577 4020 630 4074 aut
651 4030 741 4093 quum
765 4011 895 4073 maxime
918 4010 1122 4092 perficientem
1142 4011 1305 4074 defecisset
1325 4019 1470 4074 ooustan·

212 4109 257 4172 tia
288 4111 491 4192 erupissetque
523 4112 596 4174 illud
630 4112 769 4175 naturale
792 4112 830 4174 ad
852 4119 970 4192 tempus
991 4111 1202 4175 tantummodo
1224 4131 1393 4194 repressum
1416 4113 1472 4180 bo·

213 4219 294 4272 unm.
325 4211 450 4275 Erravit
471 4221 561 4294 poeta
582 4222 614 4276 et
634 4212 826 4276 vehementer
847 4213 970 4286 erravit,
991 4213 1017 4274 si
1032 4212 1157 4276 eredidit
1170 4212 1291 4276 Ulixem
1303 4211 1369 4276 ideo
1382 4231 1470 4294 posse

215 4310 379 4374 humanum
402 4313 506 4390 videri,
529 4315 607 4396 quod
629 4315 767 4388 invitum,
789 4315 866 4396 quod
888 4313 1039 4376 dolentem
1050 4313 1200 4376 saevirese
1214 4313 1335 4376 diceret:
1351 4334 1409 4378 nou
1425 4322 1473 4376 est

215 4411 349 4491 ejusdem
382 4414 439 4477 viri
469 4414 530 4478 ista
563 4417 659 4478 fauere
691 4424 723 4478 et
750 4415 813 4478 baee
834 4415 941 4478 dicere.
984 4413 1176 4495 Quapropter
1196 4414 1260 4477 sive
1282 4415 1472 4478 honestatem

212 4531 348 4594 persona
380 4516 510 4578 retinere
546 4515 650 4590 volarit,
673 4535 730 4578 non
752 4516 857 4580 debuit
878 4536 943 4578 eam
965 4536 1058 4598 nsque
1080 4517 1120 4578 ad
1142 4515 1320 4578 foedissima
1342 4514 1473 4579 erudeli·

213 4615 286 4678 tatis
307 4615 514 4694 ministerium,
535 4618 657 4701 plenum
680 4617 751 4692 odii,
772 4616 894 4698 plenum
913 4615 1144 4680 inhumanitatis
1160 4615 1472 4680 detruderozsireille

214 4715 306 4781 duras
326 4716 433 4781 Ulixes
454 4728 485 4782 et
496 4719 664 4784 malitiosus
677 4726 707 4782 et
718 4718 837 4802 qualem
852 4719 939 4781 modo
952 4717 1166 4799 descripsimus
1178 4725 1353 4798 argumento
1364 4717 1473 4782 melius
