<?xml version="1.0" encoding="UTF-8"?>
<!DOCTYPE html PUBLIC "-//W3C//DTD XHTML 1.0 Transitional//EN"
    "http://www.w3.org/TR/xhtml1/DTD/xhtml1-transitional.dtd">
<html xmlns="http://www.w3.org/1999/xhtml" xml:lang="en" lang="en">
 <head>
  <title>
</title>
<meta http-equiv="Content-Type" content="text/html;charset=utf-8" />
  <meta name='ocr-system' content='tesseract 3.04.00' />
  <meta name='ocr-capabilities' content='ocr_page ocr_carea ocr_par ocr_line ocrx_word'/>
</head>
<body>
  <div class='ocr_page' id='page_1' title='image "./delannaeiseneca00sandgoog_0110.png"; bbox 0 0 3508 5404; ppageno 0'>
   <div class='ocr_carea' id='block_1_1' title="bbox 556 470 1455 543">
    <p class='ocr_par' dir='ltr' id='par_1_1' title="bbox 556 470 1455 543">
     <span class='ocr_line' id='line_1_1' title="bbox 556 470 1455 543; baseline 0.004 -19"><span class='ocrx_word' id='word_1_1' title='bbox 556 470 597 525; x_wconf 90' lang='lat' dir='ltr'><strong>De</strong></span> <span class='ocrx_word' id='word_1_2' title='bbox 619 471 649 526; x_wconf 88' lang='lat' dir='ltr'><strong>L.</strong></span> <span class='ocrx_word' id='word_1_3' title='bbox 673 471 772 528; x_wconf 82' lang='lat' dir='ltr'><strong>Annaei</strong></span> <span class='ocrx_word' id='word_1_4' title='bbox 794 471 903 529; x_wconf 87' lang='lat' dir='ltr'><strong>Senecae</strong></span> <span class='ocrx_word' id='word_1_5' title='bbox 924 472 1094 543; x_wconf 82' lang='lat' dir='ltr'><strong>Tragoediie.</strong></span> <span class='ocrx_word' id='word_1_6' title='bbox 1418 474 1455 530; x_wconf 81' lang='lat'><strong>91</strong></span> 
     </span>
    </p>
   </div>
   <div class='ocr_carea' id='block_1_2' title="bbox 194 639 1462 4567">
    <p class='ocr_par' dir='ltr' id='par_1_2' title="bbox 196 639 1462 1432">
     <span class='ocr_line' id='line_1_2' title="bbox 198 639 1462 726; baseline 0.004 -22"><span class='ocrx_word' id='word_1_7' title='bbox 198 639 296 720; x_wconf 77' lang='lat' dir='ltr'><strong>arguit</strong></span> <span class='ocrx_word' id='word_1_8' title='bbox 333 641 537 706; x_wconf 77' lang='lat' dir='ltr'><strong>voluntatem:</strong></span> <span class='ocrx_word' id='word_1_9' title='bbox 574 643 632 704; x_wconf 87' lang='lat' dir='ltr'><strong>nisi</strong></span> <span class='ocrx_word' id='word_1_10' title='bbox 664 643 743 726; x_wconf 89' lang='lat' dir='ltr'><strong>quod</strong></span> <span class='ocrx_word' id='word_1_11' title='bbox 775 643 825 708; x_wconf 91' lang='lat' dir='ltr'><strong>hic</strong></span> <span class='ocrx_word' id='word_1_12' title='bbox 856 643 1088 725; x_wconf 80' lang='lat' dir='ltr'><strong>Agamemnone</strong></span> <span class='ocrx_word' id='word_1_13' title='bbox 1120 651 1267 726; x_wconf 86' lang='lat' dir='ltr'><strong>praeeente</strong></span> <span class='ocrx_word' id='word_1_14' title='bbox 1299 665 1358 708; x_wconf 93' lang='lat' dir='ltr'><strong>non</strong></span> <span class='ocrx_word' id='word_1_15' title='bbox 1391 646 1462 709; x_wconf 85' lang='lat' dir='ltr'><strong>silet</strong></span> 
     </span>
     <span class='ocr_line' id='line_1_3' title="bbox 197 742 1459 826; baseline 0.003 -20"><span class='ocrx_word' id='word_1_16' title='bbox 197 742 283 825; x_wconf 87' lang='lat' dir='ltr'><strong>eique</strong></span> <span class='ocrx_word' id='word_1_17' title='bbox 303 743 380 824; x_wconf 86' lang='lat' dir='ltr'><strong>ipsi,</strong></span> <span class='ocrx_word' id='word_1_18' title='bbox 402 753 550 826; x_wconf 84' lang='lat' dir='ltr'><strong>quantum</strong></span> <span class='ocrx_word' id='word_1_19' title='bbox 573 744 736 824; x_wconf 90' lang='lat' dir='ltr'><strong>periculum</strong></span> <span class='ocrx_word' id='word_1_20' title='bbox 760 744 870 818; x_wconf 91' lang='lat' dir='ltr'><strong>instet,</strong></span> <span class='ocrx_word' id='word_1_21' title='bbox 898 746 979 808; x_wconf 90' lang='lat' dir='ltr'><strong>haud</strong></span> <span class='ocrx_word' id='word_1_22' title='bbox 1001 748 1127 809; x_wconf 89' lang='lat' dir='ltr'><strong>obscure</strong></span> <span class='ocrx_word' id='word_1_23' title='bbox 1148 745 1307 825; x_wconf 85' lang='lat' dir='ltr'><strong>siguificat.</strong></span> <span class='ocrx_word' id='word_1_24' title='bbox 1350 745 1459 810; x_wconf 89' lang='lat' dir='ltr'><strong>Occiso</strong></span> 
     </span>
     <span class='ocr_line' id='line_1_4' title="bbox 198 845 1458 928; baseline 0.003 -22"><span class='ocrx_word' id='word_1_25' title='bbox 198 863 267 908; x_wconf 83' lang='lat' dir='ltr'><strong>vero</strong></span> <span class='ocrx_word' id='word_1_26' title='bbox 301 845 527 925; x_wconf 81' lang='lat' dir='ltr'><strong>Agamemnone</strong></span> <span class='ocrx_word' id='word_1_27' title='bbox 558 845 684 908; x_wconf 77' lang='lat' dir='ltr'><strong>Electra</strong></span> <span class='ocrx_word' id='word_1_28' title='bbox 715 846 803 908; x_wconf 90' lang='lat' dir='ltr'><strong>domo</strong></span> <span class='ocrx_word' id='word_1_29' title='bbox 835 867 867 908; x_wconf 88' lang='lat' dir='ltr'><strong>se</strong></span> <span class='ocrx_word' id='word_1_30' title='bbox 899 847 1031 928; x_wconf 88' lang='lat' dir='ltr'><strong>proripit</strong></span> <span class='ocrx_word' id='word_1_31' title='bbox 1047 847 1164 912; x_wconf 85' lang='lat' dir='ltr'><strong>Orestae</strong></span> <span class='ocrx_word' id='word_1_32' title='bbox 1187 847 1272 910; x_wconf 85' lang='lat' dir='ltr'><strong>fiatri</strong></span> <span class='ocrx_word' id='word_1_33' title='bbox 1295 847 1458 928; x_wconf 79' lang='lat' dir='ltr'><strong>perfugium</strong></span> 
     </span>
     <span class='ocr_line' id='line_1_5' title="bbox 197 945 1460 1031; baseline 0.001 -22"><span class='ocrx_word' id='word_1_34' title='bbox 197 965 347 1028; x_wconf 74' lang='lat' dir='ltr'><strong>quarens:</strong></span> <span class='ocrx_word' id='word_1_35' title='bbox 380 965 470 1027; x_wconf 87' lang='lat' dir='ltr'><strong>quem</strong></span> <span class='ocrx_word' id='word_1_36' title='bbox 504 945 664 1027; x_wconf 72' lang='lat' dir='ltr'><strong>Strophius</strong></span> <span class='ocrx_word' id='word_1_37' title='bbox 698 957 785 1010; x_wconf 89' lang='lat' dir='ltr'><strong>vetus</strong></span> <span class='ocrx_word' id='word_1_38' title='bbox 816 947 1053 1027; x_wconf 82' lang='lat' dir='ltr'><strong>Agamemnonis</strong></span> <span class='ocrx_word' id='word_1_39' title='bbox 1086 949 1211 1029; x_wconf 88' lang='lat' dir='ltr'><strong>hospes,</strong></span> <span class='ocrx_word' id='word_1_40' title='bbox 1244 949 1295 1031; x_wconf 90' lang='lat' dir='ltr'><strong>qui</strong></span> <span class='ocrx_word' id='word_1_41' title='bbox 1322 956 1385 1010; x_wconf 91' lang='lat' dir='ltr'><strong>tum</strong></span> <span class='ocrx_word' id='word_1_42' title='bbox 1412 948 1460 1029; x_wconf 92' lang='lat' dir='ltr'><strong>ip-</strong></span> 
     </span>
     <span class='ocr_line' id='line_1_6' title="bbox 197 1046 1459 1130; baseline 0.003 -22"><span class='ocrx_word' id='word_1_43' title='bbox 197 1066 265 1110; x_wconf 91' lang='lat' dir='ltr'><strong>sum</strong></span> <span class='ocrx_word' id='word_1_44' title='bbox 302 1047 407 1110; x_wconf 90' lang='lat' dir='ltr'><strong>ludicri</strong></span> <span class='ocrx_word' id='word_1_45' title='bbox 441 1046 615 1110; x_wconf 80' lang='lat' dir='ltr'><strong>certaminis</strong></span> <span class='ocrx_word' id='word_1_46' title='bbox 647 1048 745 1110; x_wconf 86' lang='lat' dir='ltr'><strong>victor</strong></span> <span class='ocrx_word' id='word_1_47' title='bbox 777 1049 847 1111; x_wconf 85' lang='lat' dir='ltr'><strong>belli</strong></span> <span class='ocrx_word' id='word_1_48' title='bbox 880 1049 987 1110; x_wconf 89' lang='lat' dir='ltr'><strong>victori</strong></span> <span class='ocrx_word' id='word_1_49' title='bbox 1020 1050 1116 1111; x_wconf 91' lang='lat' dir='ltr'><strong>amico</strong></span> <span class='ocrx_word' id='word_1_50' title='bbox 1148 1049 1330 1130; x_wconf 86' lang='lat' dir='ltr'><strong>gratulatum</strong></span> <span class='ocrx_word' id='word_1_51' title='bbox 1364 1049 1459 1123; x_wconf 90' lang='lat' dir='ltr'><strong>venit,</strong></span> 
     </span>
     <span class='ocr_line' id='line_1_7' title="bbox 197 1147 1459 1231; baseline 0.001 -21"><span class='ocrx_word' id='word_1_52' title='bbox 197 1158 304 1212; x_wconf 87' lang='lat' dir='ltr'><strong>orante</strong></span> <span class='ocrx_word' id='word_1_53' title='bbox 327 1147 450 1210; x_wconf 77' lang='lat' dir='ltr'><strong>Electra</strong></span> <span class='ocrx_word' id='word_1_54' title='bbox 473 1168 561 1212; x_wconf 88' lang='lat' dir='ltr'><strong>curru</strong></span> <span class='ocrx_word' id='word_1_55' title='bbox 582 1149 734 1212; x_wconf 86' lang='lat' dir='ltr'><strong>sublatum</strong></span> <span class='ocrx_word' id='word_1_56' title='bbox 757 1169 927 1231; x_wconf 84' lang='lat' dir='ltr'><strong>coronaque</strong></span> <span class='ocrx_word' id='word_1_57' title='bbox 950 1159 981 1212; x_wconf 92' lang='lat' dir='ltr'><strong>et</strong></span> <span class='ocrx_word' id='word_1_58' title='bbox 1002 1150 1105 1230; x_wconf 88' lang='lat' dir='ltr'><strong>palma</strong></span> <span class='ocrx_word' id='word_1_59' title='bbox 1126 1150 1259 1214; x_wconf 76' lang='lat' dir='ltr'><strong>victorie</strong></span> <span class='ocrx_word' id='word_1_60' title='bbox 1291 1149 1459 1230; x_wconf 78' lang='lat' dir='ltr'><strong>insignibus</strong></span> 
     </span>
     <span class='ocr_line' id='line_1_8' title="bbox 197 1248 1460 1332; baseline 0.002 -20"><span class='ocrx_word' id='word_1_61' title='bbox 197 1261 336 1312; x_wconf 86' lang='lat' dir='ltr'><strong>ornatum</strong></span> <span class='ocrx_word' id='word_1_62' title='bbox 364 1269 403 1312; x_wconf 88' lang='lat' dir='ltr'><strong>ex</strong></span> <span class='ocrx_word' id='word_1_63' title='bbox 429 1248 616 1312; x_wconf 88' lang='lat' dir='ltr'><strong>inimicorum</strong></span> <span class='ocrx_word' id='word_1_64' title='bbox 645 1251 784 1314; x_wconf 86' lang='lat' dir='ltr'><strong>manibus</strong></span> <span class='ocrx_word' id='word_1_65' title='bbox 806 1251 903 1332; x_wconf 86' lang='lat' dir='ltr'><strong>eripit</strong></span> <span class='ocrx_word' id='word_1_66' title='bbox 946 1252 1122 1314; x_wconf 81' lang='lat' dir='ltr'><strong>Extremum</strong></span> <span class='ocrx_word' id='word_1_67' title='bbox 1146 1251 1241 1314; x_wconf 88' lang='lat' dir='ltr'><strong>locum</strong></span> <span class='ocrx_word' id='word_1_68' title='bbox 1264 1261 1348 1316; x_wconf 85' lang='lat' dir='ltr'><strong>tenet</strong></span> <span class='ocrx_word' id='word_1_69' title='bbox 1369 1251 1460 1314; x_wconf 86' lang='lat' dir='ltr'><strong>Elec·</strong></span> 
     </span>
     <span class='ocr_line' id='line_1_9' title="bbox 196 1350 915 1432; baseline -0.001 -17"><span class='ocrx_word' id='word_1_70' title='bbox 196 1361 341 1415; x_wconf 72' lang='lat' dir='ltr'><strong>tracum</strong></span> <span class='ocrx_word' id='word_1_71' title='bbox 363 1350 607 1414; x_wconf 86' lang='lat' dir='ltr'><strong>interfectoribus</strong></span> <span class='ocrx_word' id='word_1_72' title='bbox 629 1353 724 1432; x_wconf 90' lang='lat' dir='ltr'><strong>patris</strong></span> <span class='ocrx_word' id='word_1_73' title='bbox 747 1353 915 1415; x_wconf 88' lang='lat' dir='ltr'><strong>altercatio.</strong></span> 
     </span>
    </p>

    <p class='ocr_par' dir='ltr' id='par_1_3' title="bbox 194 1451 1462 4245">
     <span class='ocr_line' id='line_1_10' title="bbox 282 1451 1459 1533; baseline 0.002 -19"><span class='ocrx_word' id='word_1_74' title='bbox 282 1453 359 1514; x_wconf 86' lang='lat' dir='ltr'><strong>Haec</strong></span> <span class='ocrx_word' id='word_1_75' title='bbox 380 1451 472 1532; x_wconf 90' lang='lat' dir='ltr'><strong>hujus</strong></span> <span class='ocrx_word' id='word_1_76' title='bbox 495 1452 604 1514; x_wconf 88' lang='lat' dir='ltr'><strong>fabulae</strong></span> <span class='ocrx_word' id='word_1_77' title='bbox 626 1453 802 1533; x_wconf 85' lang='lat' dir='ltr'><strong>compositio</strong></span> <span class='ocrx_word' id='word_1_78' title='bbox 824 1462 884 1515; x_wconf 88' lang='lat' dir='ltr'><strong>est:</strong></span> <span class='ocrx_word' id='word_1_79' title='bbox 918 1473 937 1514; x_wconf 95' lang='lat' dir='ltr'><strong>a</strong></span> <span class='ocrx_word' id='word_1_80' title='bbox 958 1471 1017 1533; x_wconf 87' lang='lat' dir='ltr'><strong>qua</strong></span> <span class='ocrx_word' id='word_1_81' title='bbox 1039 1452 1210 1533; x_wconf 87' lang='lat' dir='ltr'><strong>priusquam</strong></span> <span class='ocrx_word' id='word_1_82' title='bbox 1233 1453 1368 1526; x_wconf 85' lang='lat' dir='ltr'><strong>discedo,</strong></span> <span class='ocrx_word' id='word_1_83' title='bbox 1400 1454 1459 1516; x_wconf 92' lang='lat' dir='ltr'><strong>dno</strong></span> 
     </span>
     <span class='ocr_line' id='line_1_11' title="bbox 199 1553 1459 1632; baseline 0 -16"><span class='ocrx_word' id='word_1_84' title='bbox 199 1562 318 1616; x_wconf 90' lang='lat' dir='ltr'><strong>tantum</strong></span> <span class='ocrx_word' id='word_1_85' title='bbox 342 1553 473 1632; x_wconf 85' lang='lat' dir='ltr'><strong>legentes</strong></span> <span class='ocrx_word' id='word_1_86' title='bbox 497 1553 667 1616; x_wconf 85' lang='lat' dir='ltr'><strong>admonitos</strong></span> <span class='ocrx_word' id='word_1_87' title='bbox 689 1554 788 1616; x_wconf 88' lang='lat' dir='ltr'><strong>velim.</strong></span> <span class='ocrx_word' id='word_1_88' title='bbox 831 1554 933 1617; x_wconf 91' lang='lat' dir='ltr'><strong>Unum</strong></span> <span class='ocrx_word' id='word_1_89' title='bbox 955 1564 1015 1626; x_wconf 90' lang='lat' dir='ltr'><strong>est,</strong></span> <span class='ocrx_word' id='word_1_90' title='bbox 1039 1554 1089 1614; x_wconf 87' lang='lat' dir='ltr'><strong>vix</strong></span> <span class='ocrx_word' id='word_1_91' title='bbox 1111 1553 1251 1616; x_wconf 86' lang='lat' dir='ltr'><strong>credibile</strong></span> <span class='ocrx_word' id='word_1_92' title='bbox 1270 1554 1365 1616; x_wconf 90' lang='lat' dir='ltr'><strong>videri</strong></span> <span class='ocrx_word' id='word_1_93' title='bbox 1380 1553 1459 1616; x_wconf 85' lang='lat' dir='ltr'><strong>hanc</strong></span> 
     </span>
     <span class='ocr_line' id='line_1_12' title="bbox 197 1654 1459 1737; baseline 0 -21"><span class='ocrx_word' id='word_1_94' title='bbox 197 1654 332 1718; x_wconf 87' lang='lat' dir='ltr'><strong>fabulam</strong></span> <span class='ocrx_word' id='word_1_95' title='bbox 356 1673 394 1714; x_wconf 87' lang='lat' dir='ltr'><strong>ex</strong></span> <span class='ocrx_word' id='word_1_96' title='bbox 408 1654 554 1736; x_wconf 84' lang='lat' dir='ltr'><strong>AEschylo</strong></span> <span class='ocrx_word' id='word_1_97' title='bbox 571 1663 626 1716; x_wconf 91' lang='lat' dir='ltr'><strong>aut</strong></span> <span class='ocrx_word' id='word_1_98' title='bbox 640 1654 787 1737; x_wconf 84' lang='lat' dir='ltr'><strong>AEschylo</strong></span> <span class='ocrx_word' id='word_1_99' title='bbox 802 1655 865 1716; x_wconf 90' lang='lat' dir='ltr'><strong>solo</strong></span> <span class='ocrx_word' id='word_1_100' title='bbox 881 1675 945 1716; x_wconf 89' lang='lat' dir='ltr'><strong>esse</strong></span> <span class='ocrx_word' id='word_1_101' title='bbox 961 1673 1151 1734; x_wconf 85' lang='lat' dir='ltr'><strong>expressam:</strong></span> <span class='ocrx_word' id='word_1_102' title='bbox 1166 1654 1359 1717; x_wconf 88' lang='lat' dir='ltr'><strong>statuendum</strong></span> <span class='ocrx_word' id='word_1_103' title='bbox 1375 1673 1459 1735; x_wconf 84' lang='lat' dir='ltr'><strong>paene</strong></span> 
     </span>
     <span class='ocr_line' id='line_1_13' title="bbox 198 1754 1460 1836; baseline 0 -18"><span class='ocrx_word' id='word_1_104' title='bbox 198 1754 368 1818; x_wconf 85' lang='lat' dir='ltr'><strong>necessario</strong></span> <span class='ocrx_word' id='word_1_105' title='bbox 390 1755 482 1816; x_wconf 89' lang='lat' dir='ltr'><strong>aliam</strong></span> <span class='ocrx_word' id='word_1_106' title='bbox 504 1755 635 1836; x_wconf 82' lang='lat' dir='ltr'><strong>aliquam</strong></span> <span class='ocrx_word' id='word_1_107' title='bbox 659 1756 790 1835; x_wconf 88' lang='lat' dir='ltr'><strong>ejusdem</strong></span> <span class='ocrx_word' id='word_1_108' title='bbox 808 1755 974 1834; x_wconf 87' lang='lat' dir='ltr'><strong>argumenti</strong></span> <span class='ocrx_word' id='word_1_109' title='bbox 990 1755 1127 1819; x_wconf 81' lang='lat' dir='ltr'><strong>Graecam</strong></span> <span class='ocrx_word' id='word_1_110' title='bbox 1143 1756 1276 1818; x_wconf 86' lang='lat' dir='ltr'><strong>fabulam</strong></span> <span class='ocrx_word' id='word_1_111' title='bbox 1295 1756 1460 1832; x_wconf 82' lang='lat' dir='ltr'><strong>exstitisse,</strong></span> 
     </span>
     <span class='ocr_line' id='line_1_14' title="bbox 196 1855 1458 1937; baseline 0.001 -18"><span class='ocrx_word' id='word_1_112' title='bbox 196 1858 235 1919; x_wconf 88' lang='lat' dir='ltr'><strong>ad</strong></span> <span class='ocrx_word' id='word_1_113' title='bbox 268 1856 352 1936; x_wconf 89' lang='lat' dir='ltr'><strong>cnjus</strong></span> <span class='ocrx_word' id='word_1_114' title='bbox 384 1855 615 1918; x_wconf 88' lang='lat' dir='ltr'><strong>similitudinem</strong></span> <span class='ocrx_word' id='word_1_115' title='bbox 650 1856 697 1919; x_wconf 90' lang='lat' dir='ltr'><strong>hic</strong></span> <span class='ocrx_word' id='word_1_116' title='bbox 720 1877 806 1918; x_wconf 89' lang='lat' dir='ltr'><strong>suam</strong></span> <span class='ocrx_word' id='word_1_117' title='bbox 829 1867 882 1920; x_wconf 90' lang='lat' dir='ltr'><strong>aut</strong></span> <span class='ocrx_word' id='word_1_118' title='bbox 904 1867 998 1919; x_wconf 89' lang='lat' dir='ltr'><strong>totam</strong></span> <span class='ocrx_word' id='word_1_119' title='bbox 1023 1865 1077 1920; x_wconf 89' lang='lat' dir='ltr'><strong>aut</strong></span> <span class='ocrx_word' id='word_1_120' title='bbox 1099 1866 1200 1937; x_wconf 90' lang='lat' dir='ltr'><strong>partes</strong></span> <span class='ocrx_word' id='word_1_121' title='bbox 1223 1858 1285 1937; x_wconf 89' lang='lat' dir='ltr'><strong>ejus</strong></span> <span class='ocrx_word' id='word_1_122' title='bbox 1308 1857 1458 1920; x_wconf 86' lang='lat' dir='ltr'><strong>direxerit.</strong></span> 
     </span>
     <span class='ocr_line' id='line_1_15' title="bbox 196 1955 1460 2040; baseline -0.001 -19"><span class='ocrx_word' id='word_1_123' title='bbox 196 1959 277 2022; x_wconf 89' lang='lat' dir='ltr'><strong>Nam</strong></span> <span class='ocrx_word' id='word_1_124' title='bbox 311 1975 430 2032; x_wconf 90' lang='lat' dir='ltr'><strong>eorum,</strong></span> <span class='ocrx_word' id='word_1_125' title='bbox 463 1955 571 2039; x_wconf 91' lang='lat' dir='ltr'><strong>quibus</strong></span> <span class='ocrx_word' id='word_1_126' title='bbox 600 1959 687 2037; x_wconf 93' lang='lat' dir='ltr'><strong>hujus</strong></span> <span class='ocrx_word' id='word_1_127' title='bbox 717 1959 827 2020; x_wconf 88' lang='lat' dir='ltr'><strong>fabulae</strong></span> <span class='ocrx_word' id='word_1_128' title='bbox 849 1960 888 2020; x_wconf 88' lang='lat' dir='ltr'><strong>ab</strong></span> <span class='ocrx_word' id='word_1_129' title='bbox 910 1957 1074 2040; x_wconf 88' lang='lat' dir='ltr'><strong>AEschylea</strong></span> <span class='ocrx_word' id='word_1_130' title='bbox 1097 1957 1308 2020; x_wconf 88' lang='lat' dir='ltr'><strong>dissimilitudo</strong></span> <span class='ocrx_word' id='word_1_131' title='bbox 1330 1959 1460 2021; x_wconf 84' lang='lat' dir='ltr'><strong>maxime</strong></span> 
     </span>
     <span class='ocr_line' id='line_1_16' title="bbox 197 2058 1459 2140; baseline -0.001 -17"><span class='ocrx_word' id='word_1_132' title='bbox 197 2058 339 2132; x_wconf 86' lang='lat' dir='ltr'><strong>cernitur,</strong></span> <span class='ocrx_word' id='word_1_133' title='bbox 360 2058 502 2140; x_wconf 84' lang='lat' dir='ltr'><strong>pleraque</strong></span> <span class='ocrx_word' id='word_1_134' title='bbox 526 2077 592 2120; x_wconf 87' lang='lat' dir='ltr'><strong>eam</strong></span> <span class='ocrx_word' id='word_1_135' title='bbox 615 2059 729 2120; x_wconf 90' lang='lat' dir='ltr'><strong>habent</strong></span> <span class='ocrx_word' id='word_1_136' title='bbox 750 2059 972 2133; x_wconf 88' lang='lat' dir='ltr'><strong>condicionem,</strong></span> <span class='ocrx_word' id='word_1_137' title='bbox 1005 2068 1054 2133; x_wconf 91' lang='lat' dir='ltr'><strong>ut,</strong></span> <span class='ocrx_word' id='word_1_138' title='bbox 1088 2059 1158 2140; x_wconf 92' lang='lat' dir='ltr'><strong>quid</strong></span> <span class='ocrx_word' id='word_1_139' title='bbox 1186 2059 1216 2120; x_wconf 91' lang='lat' dir='ltr'><strong>in</strong></span> <span class='ocrx_word' id='word_1_140' title='bbox 1244 2059 1302 2120; x_wconf 91' lang='lat' dir='ltr'><strong>illis</strong></span> <span class='ocrx_word' id='word_1_141' title='bbox 1325 2068 1378 2121; x_wconf 88' lang='lat' dir='ltr'><strong>aut</strong></span> <span class='ocrx_word' id='word_1_142' title='bbox 1400 2059 1459 2122; x_wconf 88' lang='lat' dir='ltr'><strong>Se·</strong></span> 
     </span>
     <span class='ocr_line' id='line_1_17' title="bbox 197 2159 1459 2240; baseline -0.002 -16"><span class='ocrx_word' id='word_1_143' title='bbox 197 2179 277 2224; x_wconf 84' lang='lat' dir='ltr'><strong>necae</strong></span> <span class='ocrx_word' id='word_1_144' title='bbox 299 2166 353 2221; x_wconf 86' lang='lat' dir='ltr'><strong>aut</strong></span> <span class='ocrx_word' id='word_1_145' title='bbox 374 2159 424 2221; x_wconf 93' lang='lat' dir='ltr'><strong>alii</strong></span> <span class='ocrx_word' id='word_1_146' title='bbox 446 2159 575 2239; x_wconf 88' lang='lat' dir='ltr'><strong>cuipiam</strong></span> <span class='ocrx_word' id='word_1_147' title='bbox 599 2159 762 2222; x_wconf 89' lang='lat' dir='ltr'><strong>consimilis</strong></span> <span class='ocrx_word' id='word_1_148' title='bbox 785 2160 950 2222; x_wconf 88' lang='lat' dir='ltr'><strong>voluntatis</strong></span> <span class='ocrx_word' id='word_1_149' title='bbox 973 2160 1111 2240; x_wconf 86' lang='lat' dir='ltr'><strong>scriptori</strong></span> <span class='ocrx_word' id='word_1_150' title='bbox 1127 2168 1286 2240; x_wconf 84' lang='lat' dir='ltr'><strong>tantopere</strong></span> <span class='ocrx_word' id='word_1_151' title='bbox 1301 2160 1459 2240; x_wconf 86' lang='lat' dir='ltr'><strong>placuerit,</strong></span> 
     </span>
     <span class='ocr_line' id='line_1_18' title="bbox 197 2259 1459 2342; baseline 0.001 -19"><span class='ocrx_word' id='word_1_152' title='bbox 197 2263 248 2323; x_wconf 84' lang='lat' dir='ltr'><strong>vix</strong></span> <span class='ocrx_word' id='word_1_153' title='bbox 268 2259 393 2340; x_wconf 89' lang='lat' dir='ltr'><strong>intelligi</strong></span> <span class='ocrx_word' id='word_1_154' title='bbox 416 2261 527 2341; x_wconf 89' lang='lat' dir='ltr'><strong>possit,</strong></span> <span class='ocrx_word' id='word_1_155' title='bbox 549 2279 639 2342; x_wconf 89' lang='lat' dir='ltr'><strong>quam</strong></span> <span class='ocrx_word' id='word_1_156' title='bbox 661 2261 740 2324; x_wconf 90' lang='lat' dir='ltr'><strong>belle</strong></span> <span class='ocrx_word' id='word_1_157' title='bbox 762 2270 863 2323; x_wconf 87' lang='lat' dir='ltr'><strong>autern</strong></span> <span class='ocrx_word' id='word_1_158' title='bbox 886 2263 924 2323; x_wconf 93' lang='lat' dir='ltr'><strong>ad</strong></span> <span class='ocrx_word' id='word_1_159' title='bbox 947 2259 1062 2323; x_wconf 82' lang='lat' dir='ltr'><strong>Graecae</strong></span> <span class='ocrx_word' id='word_1_160' title='bbox 1086 2261 1211 2340; x_wconf 88' lang='lat' dir='ltr'><strong>alicujus</strong></span> <span class='ocrx_word' id='word_1_161' title='bbox 1233 2261 1459 2340; x_wconf 73' lang='lat' dir='ltr'><strong>perfectissima</strong></span> 
     </span>
     <span class='ocr_line' id='line_1_19' title="bbox 198 2359 1459 2444; baseline 0 -20"><span class='ocrx_word' id='word_1_162' title='bbox 198 2362 308 2426; x_wconf 75' lang='lat' dir='ltr'><strong>fabulae</strong></span> <span class='ocrx_word' id='word_1_163' title='bbox 330 2361 477 2424; x_wconf 87' lang='lat' dir='ltr'><strong>rationem</strong></span> <span class='ocrx_word' id='word_1_164' title='bbox 501 2361 614 2424; x_wconf 88' lang='lat' dir='ltr'><strong>fuerint</strong></span> <span class='ocrx_word' id='word_1_165' title='bbox 636 2364 768 2436; x_wconf 87' lang='lat' dir='ltr'><strong>factura,</strong></span> <span class='ocrx_word' id='word_1_166' title='bbox 790 2363 921 2424; x_wconf 90' lang='lat' dir='ltr'><strong>dubitari</strong></span> <span class='ocrx_word' id='word_1_167' title='bbox 945 2381 1005 2424; x_wconf 93' lang='lat' dir='ltr'><strong>non</strong></span> <span class='ocrx_word' id='word_1_168' title='bbox 1021 2371 1121 2444; x_wconf 90' lang='lat' dir='ltr'><strong>queat.</strong></span> <span class='ocrx_word' id='word_1_169' title='bbox 1155 2360 1235 2432; x_wconf 80' lang='lat' dir='ltr'><strong>Quid</strong></span> <span class='ocrx_word' id='word_1_170' title='bbox 1247 2361 1348 2423; x_wconf 90' lang='lat' dir='ltr'><strong>enim?</strong></span> <span class='ocrx_word' id='word_1_171' title='bbox 1370 2359 1459 2430; x_wconf 78' lang='lat' dir='ltr'><strong>Quod</strong></span> 
     </span>
     <span class='ocr_line' id='line_1_20' title="bbox 194 2463 1461 2544; baseline -0.001 -18"><span class='ocrx_word' id='word_1_172' title='bbox 194 2465 352 2544; x_wconf 87' lang='lat' dir='ltr'><strong>jamenta</strong></span> <span class='ocrx_word' id='word_1_173' title='bbox 387 2463 550 2526; x_wconf 87' lang='lat' dir='ltr'><strong>adveutum</strong></span> <span class='ocrx_word' id='word_1_174' title='bbox 582 2463 818 2542; x_wconf 87' lang='lat' dir='ltr'><strong>Agamemnonis</strong></span> <span class='ocrx_word' id='word_1_175' title='bbox 852 2463 1003 2527; x_wconf 87' lang='lat' dir='ltr'><strong>occidendi</strong></span> <span class='ocrx_word' id='word_1_176' title='bbox 1036 2464 1101 2543; x_wconf 90' lang='lat' dir='ltr'><strong>ejus</strong></span> <span class='ocrx_word' id='word_1_177' title='bbox 1129 2483 1149 2524; x_wconf 94' lang='lat' dir='ltr'><strong>a</strong></span> <span class='ocrx_word' id='word_1_178' title='bbox 1174 2463 1408 2544; x_wconf 82' lang='lat' dir='ltr'><strong>Clytaemnestra</strong></span> <span class='ocrx_word' id='word_1_179' title='bbox 1429 2473 1461 2525; x_wconf 88' lang='lat' dir='ltr'><strong>et</strong></span> 
     </span>
     <span class='ocr_line' id='line_1_21' title="bbox 197 2563 1461 2645; baseline 0 -19"><span class='ocrx_word' id='word_1_180' title='bbox 197 2564 339 2644; x_wconf 84' lang='lat' dir='ltr'><strong>AEgisthc</strong></span> <span class='ocrx_word' id='word_1_181' title='bbox 373 2564 474 2645; x_wconf 87' lang='lat' dir='ltr'><strong>palam</strong></span> <span class='ocrx_word' id='word_1_182' title='bbox 507 2564 649 2627; x_wconf 86' lang='lat' dir='ltr'><strong>ineuntur</strong></span> <span class='ocrx_word' id='word_1_183' title='bbox 682 2564 823 2638; x_wconf 87' lang='lat' dir='ltr'><strong>consilia,</strong></span> <span class='ocrx_word' id='word_1_184' title='bbox 856 2564 1014 2628; x_wconf 89' lang='lat' dir='ltr'><strong>utstatim</strong></span> <span class='ocrx_word' id='word_1_185' title='bbox 1037 2584 1056 2626; x_wconf 87' lang='lat' dir='ltr'><strong>a</strong></span> <span class='ocrx_word' id='word_1_186' title='bbox 1077 2564 1238 2644; x_wconf 78' lang='lat' dir='ltr'><strong>principio,</strong></span> <span class='ocrx_word' id='word_1_187' title='bbox 1261 2564 1330 2644; x_wconf 91' lang='lat' dir='ltr'><strong>qnid</strong></span> <span class='ocrx_word' id='word_1_188' title='bbox 1352 2563 1461 2626; x_wconf 92' lang='lat' dir='ltr'><strong>trium-</strong></span> 
     </span>
     <span class='ocr_line' id='line_1_22' title="bbox 197 2665 1459 2747; baseline -0.002 -18"><span class='ocrx_word' id='word_1_189' title='bbox 197 2665 305 2747; x_wconf 86' lang='lat' dir='ltr'><strong>phanti</strong></span> <span class='ocrx_word' id='word_1_190' title='bbox 338 2675 369 2728; x_wconf 90' lang='lat' dir='ltr'><strong>et</strong></span> <span class='ocrx_word' id='word_1_191' title='bbox 402 2665 440 2726; x_wconf 87' lang='lat' dir='ltr'><strong>ad</strong></span> <span class='ocrx_word' id='word_1_192' title='bbox 462 2665 596 2745; x_wconf 88' lang='lat' dir='ltr'><strong>conjugis</strong></span> <span class='ocrx_word' id='word_1_193' title='bbox 618 2665 791 2745; x_wconf 88' lang='lat' dir='ltr'><strong>amplexum</strong></span> <span class='ocrx_word' id='word_1_194' title='bbox 814 2666 986 2747; x_wconf 89' lang='lat' dir='ltr'><strong>properanti</strong></span> <span class='ocrx_word' id='word_1_195' title='bbox 1008 2666 1070 2745; x_wconf 85' lang='lat' dir='ltr'><strong>regi</strong></span> <span class='ocrx_word' id='word_1_196' title='bbox 1092 2665 1280 2745; x_wconf 86' lang='lat' dir='ltr'><strong>impendeat,</strong></span> <span class='ocrx_word' id='word_1_197' title='bbox 1314 2684 1371 2726; x_wconf 92' lang='lat' dir='ltr'><strong>non</strong></span> <span class='ocrx_word' id='word_1_198' title='bbox 1394 2665 1459 2727; x_wconf 88' lang='lat' dir='ltr'><strong>sine</strong></span> 
     </span>
     <span class='ocr_line' id='line_1_23' title="bbox 197 2766 1459 2849; baseline -0.001 -20"><span class='ocrx_word' id='word_1_199' title='bbox 197 2768 319 2830; x_wconf 92' lang='lat' dir='ltr'><strong>horrore</strong></span> <span class='ocrx_word' id='word_1_200' title='bbox 351 2767 481 2849; x_wconf 87' lang='lat' dir='ltr'><strong>quodam</strong></span> <span class='ocrx_word' id='word_1_201' title='bbox 515 2766 761 2848; x_wconf 74' lang='lat' dir='ltr'><strong>praesentiamus:</strong></span> <span class='ocrx_word' id='word_1_202' title='bbox 795 2769 874 2849; x_wconf 91' lang='lat' dir='ltr'><strong>quod</strong></span> <span class='ocrx_word' id='word_1_203' title='bbox 907 2767 957 2829; x_wconf 92' lang='lat' dir='ltr'><strong>ille</strong></span> <span class='ocrx_word' id='word_1_204' title='bbox 987 2767 1050 2846; x_wconf 85' lang='lat' dir='ltr'><strong>jam</strong></span> <span class='ocrx_word' id='word_1_205' title='bbox 1078 2766 1109 2827; x_wconf 93' lang='lat' dir='ltr'><strong>iu</strong></span> <span class='ocrx_word' id='word_1_206' title='bbox 1132 2774 1266 2828; x_wconf 88' lang='lat' dir='ltr'><strong>extremo</strong></span> <span class='ocrx_word' id='word_1_207' title='bbox 1289 2766 1459 2828; x_wconf 88' lang='lat' dir='ltr'><strong>discrimine</strong></span> 
     </span>
     <span class='ocr_line' id='line_1_24' title="bbox 196 2867 1459 2941; baseline 0 -11"><span class='ocrx_word' id='word_1_208' title='bbox 196 2867 342 2930; x_wconf 91' lang='lat' dir='ltr'><strong>introiens</strong></span> <span class='ocrx_word' id='word_1_209' title='bbox 374 2867 512 2941; x_wconf 91' lang='lat' dir='ltr'><strong>domum,</strong></span> <span class='ocrx_word' id='word_1_210' title='bbox 545 2867 596 2930; x_wconf 94' lang='lat' dir='ltr'><strong>ubi</strong></span> <span class='ocrx_word' id='word_1_211' title='bbox 623 2878 747 2930; x_wconf 91' lang='lat' dir='ltr'><strong>manent</strong></span> <span class='ocrx_word' id='word_1_212' title='bbox 768 2868 989 2941; x_wconf 81' lang='lat' dir='ltr'><strong>interfectores,</strong></span> <span class='ocrx_word' id='word_1_213' title='bbox 1023 2867 1204 2930; x_wconf 78' lang='lat' dir='ltr'><strong>Cassandrae</strong></span> <span class='ocrx_word' id='word_1_214' title='bbox 1227 2867 1459 2930; x_wconf 86' lang='lat' dir='ltr'><strong>admonitionem</strong></span> 
     </span>
     <span class='ocr_line' id='line_1_25' title="bbox 196 2968 1460 3052; baseline -0.002 -20"><span class='ocrx_word' id='word_1_215' title='bbox 196 2969 379 3044; x_wconf 88' lang='lat' dir='ltr'><strong>contemnit;</strong></span> <span class='ocrx_word' id='word_1_216' title='bbox 413 2978 447 3030; x_wconf 93' lang='lat' dir='ltr'><strong>ut</strong></span> <span class='ocrx_word' id='word_1_217' title='bbox 475 2969 666 3032; x_wconf 87' lang='lat' dir='ltr'><strong>confirmetur</strong></span> <span class='ocrx_word' id='word_1_218' title='bbox 688 2970 736 3032; x_wconf 92' lang='lat' dir='ltr'><strong>hic</strong></span> <span class='ocrx_word' id='word_1_219' title='bbox 758 2989 873 3052; x_wconf 90' lang='lat' dir='ltr'><strong>quoque</strong></span> <span class='ocrx_word' id='word_1_220' title='bbox 896 2969 1135 3051; x_wconf 87' lang='lat' dir='ltr'><strong>antiquissimum</strong></span> <span class='ocrx_word' id='word_1_221' title='bbox 1157 2968 1248 3043; x_wconf 91' lang='lat' dir='ltr'><strong>illud,</strong></span> <span class='ocrx_word' id='word_1_222' title='bbox 1281 2970 1460 3044; x_wconf 81' lang='lat' dir='ltr'><strong>Fortunam,</strong></span> 
     </span>
     <span class='ocr_line' id='line_1_26' title="bbox 196 3068 1460 3152; baseline -0.002 -20"><span class='ocrx_word' id='word_1_223' title='bbox 196 3089 270 3152; x_wconf 93' lang='lat' dir='ltr'><strong>quos</strong></span> <span class='ocrx_word' id='word_1_224' title='bbox 293 3071 415 3151; x_wconf 91' lang='lat' dir='ltr'><strong>perdere</strong></span> <span class='ocrx_word' id='word_1_225' title='bbox 438 3070 579 3143; x_wconf 84' lang='lat' dir='ltr'><strong>voluerit,</strong></span> <span class='ocrx_word' id='word_1_226' title='bbox 611 3091 775 3134; x_wconf 84' lang='lat' dir='ltr'><strong>occaecare:</strong></span> <span class='ocrx_word' id='word_1_227' title='bbox 807 3072 884 3152; x_wconf 88' lang='lat' dir='ltr'><strong>quod</strong></span> <span class='ocrx_word' id='word_1_228' title='bbox 907 3071 1033 3151; x_wconf 90' lang='lat' dir='ltr'><strong>denique</strong></span> <span class='ocrx_word' id='word_1_229' title='bbox 1056 3070 1112 3132; x_wconf 92' lang='lat' dir='ltr'><strong>hac</strong></span> <span class='ocrx_word' id='word_1_230' title='bbox 1134 3068 1320 3150; x_wconf 86' lang='lat' dir='ltr'><strong>potissimum</strong></span> <span class='ocrx_word' id='word_1_231' title='bbox 1344 3069 1460 3132; x_wconf 90' lang='lat' dir='ltr'><strong>ratione</strong></span> 
     </span>
     <span class='ocr_line' id='line_1_27' title="bbox 198 3169 1462 3236; baseline -0.002 -2"><span class='ocrx_word' id='word_1_232' title='bbox 198 3191 237 3234; x_wconf 86' lang='lat' dir='ltr'><strong>ex</strong></span> <span class='ocrx_word' id='word_1_233' title='bbox 259 3171 423 3234; x_wconf 89' lang='lat' dir='ltr'><strong>domestica</strong></span> <span class='ocrx_word' id='word_1_234' title='bbox 445 3171 527 3233; x_wconf 82' lang='lat' dir='ltr'><strong>caede</strong></span> <span class='ocrx_word' id='word_1_235' title='bbox 548 3172 680 3236; x_wconf 91' lang='lat' dir='ltr'><strong>elabitur</strong></span> <span class='ocrx_word' id='word_1_236' title='bbox 702 3172 825 3236; x_wconf 90' lang='lat' dir='ltr'><strong>Orestes</strong></span> <span class='ocrx_word' id='word_1_237' title='bbox 848 3193 915 3234; x_wconf 91' lang='lat' dir='ltr'><strong>cum</strong></span> <span class='ocrx_word' id='word_1_238' title='bbox 938 3171 1130 3234; x_wconf 86' lang='lat' dir='ltr'><strong>faustissimis</strong></span> <span class='ocrx_word' id='word_1_239' title='bbox 1153 3169 1262 3232; x_wconf 86' lang='lat' dir='ltr'><strong>futurae</strong></span> <span class='ocrx_word' id='word_1_240' title='bbox 1280 3169 1411 3234; x_wconf 78' lang='lat' dir='ltr'><strong>victoria</strong></span> <span class='ocrx_word' id='word_1_241' title='bbox 1430 3177 1462 3232; x_wconf 92' lang='lat' dir='ltr'><strong>ct</strong></span> 
     </span>
     <span class='ocr_line' id='line_1_28' title="bbox 198 3270 1458 3354; baseline -0.004 -18"><span class='ocrx_word' id='word_1_242' title='bbox 198 3272 320 3336; x_wconf 89' lang='lat' dir='ltr'><strong>ultionis</strong></span> <span class='ocrx_word' id='word_1_243' title='bbox 343 3271 507 3335; x_wconf 90' lang='lat' dir='ltr'><strong>ominibus:</strong></span> <span class='ocrx_word' id='word_1_244' title='bbox 531 3273 718 3354; x_wconf 92' lang='lat' dir='ltr'><strong>quiquidem</strong></span> <span class='ocrx_word' id='word_1_245' title='bbox 743 3273 825 3335; x_wconf 88' lang='lat' dir='ltr'><strong>loeus</strong></span> <span class='ocrx_word' id='word_1_246' title='bbox 848 3272 1036 3336; x_wconf 88' lang='lat' dir='ltr'><strong>declamandi</strong></span> <span class='ocrx_word' id='word_1_247' title='bbox 1060 3270 1234 3333; x_wconf 86' lang='lat' dir='ltr'><strong>facultatem</strong></span> <span class='ocrx_word' id='word_1_248' title='bbox 1258 3272 1373 3352; x_wconf 88' lang='lat' dir='ltr'><strong>praebet</strong></span> <span class='ocrx_word' id='word_1_249' title='bbox 1393 3270 1458 3332; x_wconf 71' lang='lat' dir='ltr'><strong>exi</strong></span> 
     </span>
     <span class='ocr_line' id='line_1_29' title="bbox 198 3371 1460 3453; baseline -0.003 -17"><span class='ocrx_word' id='word_1_250' title='bbox 198 3393 306 3453; x_wconf 88' lang='lat' dir='ltr'><strong>guam,</strong></span> <span class='ocrx_word' id='word_1_251' title='bbox 328 3374 490 3436; x_wconf 90' lang='lat' dir='ltr'><strong>transitum</strong></span> <span class='ocrx_word' id='word_1_252' title='bbox 513 3383 615 3436; x_wconf 90' lang='lat' dir='ltr'><strong>autem</strong></span> <span class='ocrx_word' id='word_1_253' title='bbox 638 3375 678 3436; x_wconf 89' lang='lat' dir='ltr'><strong>ad</strong></span> <span class='ocrx_word' id='word_1_254' title='bbox 700 3374 816 3437; x_wconf 80' lang='lat' dir='ltr'><strong>Orestae</strong></span> <span class='ocrx_word' id='word_1_255' title='bbox 839 3375 954 3436; x_wconf 89' lang='lat' dir='ltr'><strong>facinus</strong></span> <span class='ocrx_word' id='word_1_256' title='bbox 977 3373 1170 3434; x_wconf 90' lang='lat' dir='ltr'><strong>tractandum</strong></span> <span class='ocrx_word' id='word_1_257' title='bbox 1186 3371 1332 3452; x_wconf 87' lang='lat' dir='ltr'><strong>optimum</strong></span> <span class='ocrx_word' id='word_1_258' title='bbox 1348 3371 1460 3434; x_wconf 86' lang='lat' dir='ltr'><strong>munit:</strong></span> 
     </span>
     <span class='ocr_line' id='line_1_30' title="bbox 198 3472 1460 3556; baseline -0.002 -20"><span class='ocrx_word' id='word_1_259' title='bbox 198 3474 261 3538; x_wconf 81' lang='lat' dir='ltr'><strong>haec</strong></span> <span class='ocrx_word' id='word_1_260' title='bbox 283 3475 373 3556; x_wconf 86' lang='lat' dir='ltr'><strong>igitur</strong></span> <span class='ocrx_word' id='word_1_261' title='bbox 394 3474 512 3549; x_wconf 87' lang='lat' dir='ltr'><strong>omnia,</strong></span> <span class='ocrx_word' id='word_1_262' title='bbox 533 3476 559 3536; x_wconf 90' lang='lat' dir='ltr'><strong>ei</strong></span> <span class='ocrx_word' id='word_1_263' title='bbox 581 3476 744 3556; x_wconf 91' lang='lat' dir='ltr'><strong>prudenter</strong></span> <span class='ocrx_word' id='word_1_264' title='bbox 765 3485 797 3538; x_wconf 92' lang='lat' dir='ltr'><strong>et</strong></span> <span class='ocrx_word' id='word_1_265' title='bbox 819 3475 978 3537; x_wconf 89' lang='lat' dir='ltr'><strong>artificiose</strong></span> <span class='ocrx_word' id='word_1_266' title='bbox 1000 3483 1032 3536; x_wconf 92' lang='lat' dir='ltr'><strong>et</strong></span> <span class='ocrx_word' id='word_1_267' title='bbox 1053 3492 1151 3536; x_wconf 90' lang='lat' dir='ltr'><strong>rerum</strong></span> <span class='ocrx_word' id='word_1_268' title='bbox 1174 3479 1288 3535; x_wconf 87' lang='lat' dir='ltr'><strong>uaturae</strong></span> <span class='ocrx_word' id='word_1_269' title='bbox 1316 3472 1460 3534; x_wconf 88' lang='lat' dir='ltr'><strong>conveni-</strong></span> 
     </span>
     <span class='ocr_line' id='line_1_31' title="bbox 196 3571 1459 3658; baseline -0.002 -20"><span class='ocrx_word' id='word_1_270' title='bbox 196 3585 396 3654; x_wconf 71' lang='lat' dir='ltr'><strong>enteresseut</strong></span> <span class='ocrx_word' id='word_1_271' title='bbox 407 3584 563 3656; x_wconf 80' lang='lat' dir='ltr'><strong>pertenta,</strong></span> <span class='ocrx_word' id='word_1_272' title='bbox 584 3595 689 3658; x_wconf 92' lang='lat' dir='ltr'><strong>parum</strong></span> <span class='ocrx_word' id='word_1_273' title='bbox 712 3576 805 3657; x_wconf 91' lang='lat' dir='ltr'><strong>digna</strong></span> <span class='ocrx_word' id='word_1_274' title='bbox 820 3595 946 3640; x_wconf 87' lang='lat' dir='ltr'><strong>evasura</strong></span> <span class='ocrx_word' id='word_1_275' title='bbox 962 3575 1053 3638; x_wconf 88' lang='lat' dir='ltr'><strong>fuisse</strong></span> <span class='ocrx_word' id='word_1_276' title='bbox 1070 3593 1226 3638; x_wconf 87' lang='lat' dir='ltr'><strong>censemus</strong></span> <span class='ocrx_word' id='word_1_277' title='bbox 1243 3583 1296 3636; x_wconf 88' lang='lat' dir='ltr'><strong>aut</strong></span> <span class='ocrx_word' id='word_1_278' title='bbox 1311 3571 1459 3654; x_wconf 86' lang='lat' dir='ltr'><strong>Sophocle</strong></span> 
     </span>
     <span class='ocr_line' id='line_1_32' title="bbox 197 3674 1460 3760; baseline -0.001 -22"><span class='ocrx_word' id='word_1_279' title='bbox 197 3685 251 3739; x_wconf 94' lang='lat' dir='ltr'><strong>aut</strong></span> <span class='ocrx_word' id='word_1_280' title='bbox 283 3677 429 3757; x_wconf 88' lang='lat' dir='ltr'><strong>Euripide</strong></span> <span class='ocrx_word' id='word_1_281' title='bbox 463 3685 517 3739; x_wconf 85' lang='lat' dir='ltr'><strong>aut</strong></span> <span class='ocrx_word' id='word_1_282' title='bbox 548 3675 574 3738; x_wconf 91' lang='lat' dir='ltr'><strong>si</strong></span> <span class='ocrx_word' id='word_1_283' title='bbox 607 3677 674 3760; x_wconf 92' lang='lat' dir='ltr'><strong>quis</strong></span> <span class='ocrx_word' id='word_1_284' title='bbox 707 3678 784 3741; x_wconf 87' lang='lat' dir='ltr'><strong>alins</strong></span> <span class='ocrx_word' id='word_1_285' title='bbox 815 3677 872 3740; x_wconf 94' lang='lat' dir='ltr'><strong>fuit</strong></span> <span class='ocrx_word' id='word_1_286' title='bbox 899 3676 1007 3740; x_wconf 89' lang='lat' dir='ltr'><strong>nobilis</strong></span> <span class='ocrx_word' id='word_1_287' title='bbox 1029 3674 1194 3756; x_wconf 87' lang='lat' dir='ltr'><strong>tragoediae</strong></span> <span class='ocrx_word' id='word_1_288' title='bbox 1216 3674 1362 3757; x_wconf 83' lang='lat' dir='ltr'><strong>scriptor?</strong></span> <span class='ocrx_word' id='word_1_289' title='bbox 1383 3674 1460 3737; x_wconf 92' lang='lat' dir='ltr'><strong>Mihi</strong></span> 
     </span>
     <span class='ocr_line' id='line_1_33' title="bbox 196 3775 1458 3861; baseline -0.002 -21"><span class='ocrx_word' id='word_1_290' title='bbox 196 3778 316 3861; x_wconf 90' lang='lat' dir='ltr'><strong>quidem</strong></span> <span class='ocrx_word' id='word_1_291' title='bbox 349 3786 415 3840; x_wconf 87' lang='lat' dir='ltr'><strong>tota</strong></span> <span class='ocrx_word' id='word_1_292' title='bbox 448 3777 512 3840; x_wconf 85' lang='lat' dir='ltr'><strong>haec</strong></span> <span class='ocrx_word' id='word_1_293' title='bbox 545 3778 664 3853; x_wconf 84' lang='lat' dir='ltr'><strong>fabula,</strong></span> <span class='ocrx_word' id='word_1_294' title='bbox 698 3799 787 3860; x_wconf 91' lang='lat' dir='ltr'><strong>quum</strong></span> <span class='ocrx_word' id='word_1_295' title='bbox 821 3778 929 3841; x_wconf 91' lang='lat' dir='ltr'><strong>ceteris</strong></span> <span class='ocrx_word' id='word_1_296' title='bbox 962 3779 1050 3840; x_wconf 93' lang='lat' dir='ltr'><strong>rebus</strong></span> <span class='ocrx_word' id='word_1_297' title='bbox 1084 3777 1122 3838; x_wconf 88' lang='lat' dir='ltr'><strong>ed</strong></span> <span class='ocrx_word' id='word_1_298' title='bbox 1145 3775 1304 3857; x_wconf 88' lang='lat' dir='ltr'><strong>Sophoclis</strong></span> <span class='ocrx_word' id='word_1_299' title='bbox 1328 3775 1458 3840; x_wconf 80' lang='lat' dir='ltr'><strong>maxime</strong></span> 
     </span>
     <span class='ocr_line' id='line_1_34' title="bbox 198 3863 1460 3960; baseline -0.002 -18"><span class='ocrx_word' id='word_1_300' title='bbox 198 3879 344 3942; x_wconf 90' lang='lat' dir='ltr'><strong>rationem</strong></span> <span class='ocrx_word' id='word_1_301' title='bbox 376 3863 586 3960; x_wconf 81' lang='lat' dir='ltr'><strong>componendi</strong></span> <span class='ocrx_word' id='word_1_302' title='bbox 606 3879 726 3944; x_wconf 88' lang='lat' dir='ltr'><strong>videtur</strong></span> <span class='ocrx_word' id='word_1_303' title='bbox 757 3880 919 3954; x_wconf 86' lang='lat' dir='ltr'><strong>accedere,</strong></span> <span class='ocrx_word' id='word_1_304' title='bbox 953 3889 1015 3942; x_wconf 92' lang='lat' dir='ltr'><strong>tum</strong></span> <span class='ocrx_word' id='word_1_305' title='bbox 1048 3878 1079 3941; x_wconf 93' lang='lat' dir='ltr'><strong>in</strong></span> <span class='ocrx_word' id='word_1_306' title='bbox 1113 3878 1242 3940; x_wconf 82' lang='lat' dir='ltr'><strong>Electrae</strong></span> <span class='ocrx_word' id='word_1_307' title='bbox 1269 3877 1400 3940; x_wconf 90' lang='lat' dir='ltr'><strong>moribus</strong></span> <span class='ocrx_word' id='word_1_308' title='bbox 1429 3885 1460 3940; x_wconf 90' lang='lat' dir='ltr'><strong>et</strong></span> 
     </span>
     <span class='ocr_line' id='line_1_35' title="bbox 197 3977 1460 4060; baseline -0.002 -17"><span class='ocrx_word' id='word_1_309' title='bbox 197 3980 314 4044; x_wconf 74' lang='lat' dir='ltr'><strong>Orestae</strong></span> <span class='ocrx_word' id='word_1_310' title='bbox 337 3981 409 4060; x_wconf 87' lang='lat' dir='ltr'><strong>fuga</strong></span> <span class='ocrx_word' id='word_1_311' title='bbox 430 3980 475 4042; x_wconf 85' lang='lat' dir='ltr'><strong>ita</strong></span> <span class='ocrx_word' id='word_1_312' title='bbox 496 3989 566 4060; x_wconf 89' lang='lat' dir='ltr'><strong>apte</strong></span> <span class='ocrx_word' id='word_1_313' title='bbox 589 3980 722 4060; x_wconf 87' lang='lat' dir='ltr'><strong>ejusdem</strong></span> <span class='ocrx_word' id='word_1_314' title='bbox 744 3981 874 4044; x_wconf 83' lang='lat' dir='ltr'><strong>Electrae</strong></span> <span class='ocrx_word' id='word_1_315' title='bbox 897 3981 1006 4043; x_wconf 86' lang='lat' dir='ltr'><strong>fabulae</strong></span> <span class='ocrx_word' id='word_1_316' title='bbox 1033 3979 1206 4054; x_wconf 89' lang='lat' dir='ltr'><strong>convenire,</strong></span> <span class='ocrx_word' id='word_1_317' title='bbox 1239 3986 1289 4053; x_wconf 91' lang='lat' dir='ltr'><strong>ut,</strong></span> <span class='ocrx_word' id='word_1_318' title='bbox 1311 3978 1369 4041; x_wconf 89' lang='lat' dir='ltr'><strong>nisi</strong></span> <span class='ocrx_word' id='word_1_319' title='bbox 1390 3977 1460 4040; x_wconf 92' lang='lat' dir='ltr'><strong>nul·</strong></span> 
     </span>
     <span class='ocr_line' id='line_1_36' title="bbox 197 4078 1459 4168; baseline -0.002 -25"><span class='ocrx_word' id='word_1_320' title='bbox 197 4081 259 4144; x_wconf 85' lang='lat' dir='ltr'><strong>lam</strong></span> <span class='ocrx_word' id='word_1_321' title='bbox 285 4080 351 4160; x_wconf 88' lang='lat' dir='ltr'><strong>ejus</strong></span> <span class='ocrx_word' id='word_1_322' title='bbox 380 4080 470 4145; x_wconf 88' lang='lat' dir='ltr'><strong>fuisse</strong></span> <span class='ocrx_word' id='word_1_323' title='bbox 493 4081 749 4168; x_wconf 85' lang='lat' dir='ltr'><strong>Agamemnonem</strong></span> <span class='ocrx_word' id='word_1_324' title='bbox 772 4090 939 4158; x_wconf 86' lang='lat' dir='ltr'><strong>constaret,</strong></span> <span class='ocrx_word' id='word_1_325' title='bbox 973 4082 1051 4144; x_wconf 91' lang='lat' dir='ltr'><strong>illius</strong></span> <span class='ocrx_word' id='word_1_326' title='bbox 1079 4079 1211 4142; x_wconf 86' lang='lat' dir='ltr'><strong>maxime</strong></span> <span class='ocrx_word' id='word_1_327' title='bbox 1233 4078 1459 4144; x_wconf 88' lang='lat' dir='ltr'><strong>similitudinem</strong></span> 
     </span>
     <span class='ocr_line' id='line_1_37' title="bbox 198 4182 1060 4245; baseline -0.001 0"><span class='ocrx_word' id='word_1_328' title='bbox 198 4182 278 4245; x_wconf 89' lang='lat' dir='ltr'><strong>hunc</strong></span> <span class='ocrx_word' id='word_1_329' title='bbox 301 4189 435 4244; x_wconf 87' lang='lat' dir='ltr'><strong>secutum</strong></span> <span class='ocrx_word' id='word_1_330' title='bbox 458 4201 522 4244; x_wconf 91' lang='lat' dir='ltr'><strong>esse</strong></span> <span class='ocrx_word' id='word_1_331' title='bbox 547 4183 625 4244; x_wconf 90' lang='lat' dir='ltr'><strong>haud</strong></span> <span class='ocrx_word' id='word_1_332' title='bbox 647 4183 821 4244; x_wconf 89' lang='lat' dir='ltr'><strong>dubitanter</strong></span> <span class='ocrx_word' id='word_1_333' title='bbox 843 4184 1060 4245; x_wconf 89' lang='lat' dir='ltr'><strong>contenderem.</strong></span> 
     </span>
    </p>

    <p class='ocr_par' dir='ltr' id='par_1_4' title="bbox 198 4279 1459 4567">
     <span class='ocr_line' id='line_1_38' title="bbox 282 4279 1459 4366; baseline -0.003 -22"><span class='ocrx_word' id='word_1_334' title='bbox 282 4281 421 4344; x_wconf 88' lang='lat' dir='ltr'><strong>Alterum</strong></span> <span class='ocrx_word' id='word_1_335' title='bbox 456 4282 587 4364; x_wconf 89' lang='lat' dir='ltr'><strong>pertinet</strong></span> <span class='ocrx_word' id='word_1_336' title='bbox 619 4285 658 4346; x_wconf 91' lang='lat' dir='ltr'><strong>ad</strong></span> <span class='ocrx_word' id='word_1_337' title='bbox 679 4283 746 4357; x_wconf 90' lang='lat' dir='ltr'><strong>illa,</strong></span> <span class='ocrx_word' id='word_1_338' title='bbox 780 4285 886 4366; x_wconf 89' lang='lat' dir='ltr'><strong>quibus</strong></span> <span class='ocrx_word' id='word_1_339' title='bbox 909 4303 966 4346; x_wconf 92' lang='lat' dir='ltr'><strong>non</strong></span> <span class='ocrx_word' id='word_1_340' title='bbox 990 4283 1116 4346; x_wconf 78' lang='lat' dir='ltr'><strong>senece</strong></span> <span class='ocrx_word' id='word_1_341' title='bbox 1138 4281 1217 4344; x_wconf 87' lang='lat' dir='ltr'><strong>hanc</strong></span> <span class='ocrx_word' id='word_1_342' title='bbox 1240 4279 1373 4343; x_wconf 88' lang='lat' dir='ltr'><strong>fabulam</strong></span> <span class='ocrx_word' id='word_1_343' title='bbox 1394 4297 1459 4341; x_wconf 88' lang='lat' dir='ltr'><strong>esse</strong></span> 
     </span>
     <span class='ocr_line' id='line_1_39' title="bbox 198 4379 1457 4466; baseline -0.005 -20"><span class='ocrx_word' id='word_1_344' title='bbox 198 4383 318 4465; x_wconf 85' lang='lat' dir='ltr'><strong>probari</strong></span> <span class='ocrx_word' id='word_1_345' title='bbox 341 4382 469 4447; x_wconf 85' lang='lat' dir='ltr'><strong>ridetur.</strong></span> <span class='ocrx_word' id='word_1_346' title='bbox 512 4385 621 4447; x_wconf 91' lang='lat' dir='ltr'><strong>Mirum</strong></span> <span class='ocrx_word' id='word_1_347' title='bbox 644 4395 690 4448; x_wconf 89' lang='lat' dir='ltr'><strong>est</strong></span> <span class='ocrx_word' id='word_1_348' title='bbox 711 4385 808 4457; x_wconf 91' lang='lat' dir='ltr'><strong>euim,</strong></span> <span class='ocrx_word' id='word_1_349' title='bbox 840 4405 928 4466; x_wconf 89' lang='lat' dir='ltr'><strong>quam</strong></span> <span class='ocrx_word' id='word_1_350' title='bbox 954 4385 985 4447; x_wconf 93' lang='lat' dir='ltr'><strong>iu</strong></span> <span class='ocrx_word' id='word_1_351' title='bbox 1007 4384 1065 4447; x_wconf 88' lang='lat' dir='ltr'><strong>hac</strong></span> <span class='ocrx_word' id='word_1_352' title='bbox 1087 4383 1191 4446; x_wconf 91' lang='lat' dir='ltr'><strong>fabula</strong></span> <span class='ocrx_word' id='word_1_353' title='bbox 1213 4382 1294 4445; x_wconf 90' lang='lat' dir='ltr'><strong>aliud</strong></span> <span class='ocrx_word' id='word_1_354' title='bbox 1315 4399 1405 4462; x_wconf 90' lang='lat' dir='ltr'><strong>quam</strong></span> <span class='ocrx_word' id='word_1_355' title='bbox 1427 4379 1457 4441; x_wconf 93' lang='lat' dir='ltr'><strong>in</strong></span> 
     </span>
     <span class='ocr_line' id='line_1_40' title="bbox 199 4479 1458 4567; baseline -0.004 -21"><span class='ocrx_word' id='word_1_356' title='bbox 199 4483 349 4566; x_wconf 92' lang='lat' dir='ltr'><strong>prioribus</strong></span> <span class='ocrx_word' id='word_1_357' title='bbox 370 4503 464 4564; x_wconf 86' lang='lat' dir='ltr'><strong>genus</strong></span> <span class='ocrx_word' id='word_1_358' title='bbox 486 4485 619 4560; x_wconf 88' lang='lat' dir='ltr'><strong>dicendi,</strong></span> <span class='ocrx_word' id='word_1_359' title='bbox 641 4485 722 4547; x_wconf 87' lang='lat' dir='ltr'><strong>alind</strong></span> <span class='ocrx_word' id='word_1_360' title='bbox 744 4486 829 4567; x_wconf 90' lang='lat' dir='ltr'><strong>quasi</strong></span> <span class='ocrx_word' id='word_1_361' title='bbox 851 4487 933 4550; x_wconf 89' lang='lat' dir='ltr'><strong>filum</strong></span> <span class='ocrx_word' id='word_1_362' title='bbox 955 4486 1100 4549; x_wconf 87' lang='lat' dir='ltr'><strong>orationis</strong></span> <span class='ocrx_word' id='word_1_363' title='bbox 1122 4485 1267 4546; x_wconf 86' lang='lat' dir='ltr'><strong>offendas.</strong></span> <span class='ocrx_word' id='word_1_364' title='bbox 1310 4480 1394 4545; x_wconf 93' lang='lat' dir='ltr'><strong>Nihil</strong></span> <span class='ocrx_word' id='word_1_365' title='bbox 1409 4479 1458 4542; x_wconf 92' lang='lat' dir='ltr'><strong>hic</strong></span> 
     </span>
    </p>
   </div>
   <div class='ocr_carea' id='block_1_3' title="bbox 198 4582 1458 4770">
    <p class='ocr_par' dir='ltr' id='par_1_5' title="bbox 198 4582 1458 4770">
     <span class='ocr_line' id='line_1_41' title="bbox 198 4582 1458 4669; baseline -0.005 -21"><span class='ocrx_word' id='word_1_366' title='bbox 198 4585 381 4667; x_wconf 88' lang='lat' dir='ltr'><strong>reperimus,</strong></span> <span class='ocrx_word' id='word_1_367' title='bbox 403 4587 481 4668; x_wconf 89' lang='lat' dir='ltr'><strong>quod</strong></span> <span class='ocrx_word' id='word_1_368' title='bbox 504 4595 693 4668; x_wconf 87' lang='lat' dir='ltr'><strong>stupeamus,</strong></span> <span class='ocrx_word' id='word_1_369' title='bbox 714 4587 792 4669; x_wconf 93' lang='lat' dir='ltr'><strong>quod</strong></span> <span class='ocrx_word' id='word_1_370' title='bbox 808 4588 997 4662; x_wconf 86' lang='lat' dir='ltr'><strong>admiremur,</strong></span> <span class='ocrx_word' id='word_1_371' title='bbox 1012 4587 1090 4668; x_wconf 92' lang='lat' dir='ltr'><strong>quod</strong></span> <span class='ocrx_word' id='word_1_372' title='bbox 1107 4585 1269 4658; x_wconf 89' lang='lat' dir='ltr'><strong>laudemus,</strong></span> <span class='ocrx_word' id='word_1_373' title='bbox 1290 4582 1369 4664; x_wconf 92' lang='lat' dir='ltr'><strong>quod</strong></span> <span class='ocrx_word' id='word_1_374' title='bbox 1385 4582 1458 4643; x_wconf 90' lang='lat' dir='ltr'><strong>ode·</strong></span> 
     </span>
     <span class='ocr_line' id='line_1_42' title="bbox 198 4682 1458 4770; baseline -0.003 -22"><span class='ocrx_word' id='word_1_375' title='bbox 198 4686 300 4750; x_wconf 86' lang='lat' dir='ltr'><strong>rimus:</strong></span> <span class='ocrx_word' id='word_1_376' title='bbox 327 4685 431 4766; x_wconf 86' lang='lat' dir='ltr'><strong>jacent</strong></span> <span class='ocrx_word' id='word_1_377' title='bbox 453 4687 554 4752; x_wconf 88' lang='lat' dir='ltr'><strong>omnia</strong></span> <span class='ocrx_word' id='word_1_378' title='bbox 576 4695 611 4751; x_wconf 89' lang='lat' dir='ltr'><strong>et</strong></span> <span class='ocrx_word' id='word_1_379' title='bbox 633 4687 777 4770; x_wconf 84' lang='lat' dir='ltr'><strong>languent</strong></span> <span class='ocrx_word' id='word_1_380' title='bbox 797 4688 862 4752; x_wconf 89' lang='lat' dir='ltr'><strong>eine</strong></span> <span class='ocrx_word' id='word_1_381' title='bbox 883 4689 912 4750; x_wconf 87' lang='lat' dir='ltr'><strong>vi</strong></span> <span class='ocrx_word' id='word_1_382' title='bbox 935 4708 971 4752; x_wconf 88' lang='lat' dir='ltr'><strong>ac</strong></span> <span class='ocrx_word' id='word_1_383' title='bbox 992 4687 1094 4751; x_wconf 87' lang='lat' dir='ltr'><strong>nervis</strong></span> <span class='ocrx_word' id='word_1_384' title='bbox 1115 4693 1146 4749; x_wconf 91' lang='lat' dir='ltr'><strong>et</strong></span> <span class='ocrx_word' id='word_1_385' title='bbox 1167 4683 1307 4766; x_wconf 84' lang='lat' dir='ltr'><strong>aequabili</strong></span> <span class='ocrx_word' id='word_1_386' title='bbox 1327 4682 1458 4765; x_wconf 88' lang='lat' dir='ltr'><strong>quadam</strong></span> 
     </span>
    </p>
   </div>
   <div class='ocr_carea' id='block_1_4' title="bbox 0 0 1758 5404">
    <p class='ocr_par' dir='ltr' id='par_1_6' title="bbox 0 0 1758 5404">
     <span class='ocr_line' id='line_1_43' title="bbox 0 0 1758 5404; baseline 0 0"><span class='ocrx_word' id='word_1_387' title='bbox 0 0 1758 5404; x_wconf 95' lang='lat' dir='ltr'><strong> </strong></span> 
     </span>
    </p>
   </div>
  </div>
 </body>
</html>
