<?xml version="1.0" encoding="UTF-8"?>
<!DOCTYPE html PUBLIC "-//W3C//DTD XHTML 1.0 Transitional//EN"
    "http://www.w3.org/TR/xhtml1/DTD/xhtml1-transitional.dtd">
<html xmlns="http://www.w3.org/1999/xhtml" xml:lang="en" lang="en">
 <head>
  <title>
</title>
<meta http-equiv="Content-Type" content="text/html;charset=utf-8" />
  <meta name='ocr-system' content='tesseract 3.04.00' />
  <meta name='ocr-capabilities' content='ocr_page ocr_carea ocr_par ocr_line ocrx_word'/>
</head>
<body>
  <div class='ocr_page' id='page_1' title='image "./delannaeiseneca00sandgoog_0103.png"; bbox 0 0 3508 5404; ppageno 0'>
   <div class='ocr_carea' id='block_1_1' title="bbox 306 451 1078 510">
    <p class='ocr_par' dir='ltr' id='par_1_1' title="bbox 306 451 1078 510">
     <span class='ocr_line' id='line_1_1' title="bbox 306 451 1078 510; baseline -0.003 0"><span class='ocrx_word' id='word_1_1' title='bbox 306 455 345 510; x_wconf 79' lang='lat'><strong>94</strong></span> <span class='ocrx_word' id='word_1_2' title='bbox 797 451 828 508; x_wconf 83' lang='lat'><strong>0.</strong></span> <span class='ocrx_word' id='word_1_3' title='bbox 852 453 883 508; x_wconf 86' lang='lat' dir='ltr'><strong>H.</strong></span> <span class='ocrx_word' id='word_1_4' title='bbox 906 451 1078 510; x_wconf 81' lang='lat' dir='ltr'><strong>Sandstrdm.</strong></span> 
     </span>
    </p>
   </div>
   <div class='ocr_carea' id='block_1_2' title="bbox 302 623 1565 2230">
    <p class='ocr_par' dir='ltr' id='par_1_2' title="bbox 302 623 1564 1927">
     <span class='ocr_line' id='line_1_2' title="bbox 304 623 1562 708; baseline -0.005 -14"><span class='ocrx_word' id='word_1_5' title='bbox 304 631 382 694; x_wconf 91' lang='lat' dir='ltr'><strong>mus!</strong></span> <span class='ocrx_word' id='word_1_6' title='bbox 423 625 571 708; x_wconf 85' lang='lat' dir='ltr'><strong>Dejanira</strong></span> <span class='ocrx_word' id='word_1_7' title='bbox 590 633 692 688; x_wconf 90' lang='lat' dir='ltr'><strong>eutem</strong></span> <span class='ocrx_word' id='word_1_8' title='bbox 714 623 781 707; x_wconf 89' lang='lat' dir='ltr'><strong>ipsa</strong></span> <span class='ocrx_word' id='word_1_9' title='bbox 801 643 890 706; x_wconf 90' lang='lat' dir='ltr'><strong>quam</strong></span> <span class='ocrx_word' id='word_1_10' title='bbox 913 623 1059 700; x_wconf 88' lang='lat' dir='ltr'><strong>honesta,</strong></span> <span class='ocrx_word' id='word_1_11' title='bbox 1080 643 1169 706; x_wconf 87' lang='lat' dir='ltr'><strong>quam</strong></span> <span class='ocrx_word' id='word_1_12' title='bbox 1191 643 1315 701; x_wconf 83' lang='lat' dir='ltr'><strong>amans,</strong></span> <span class='ocrx_word' id='word_1_13' title='bbox 1337 645 1427 708; x_wconf 88' lang='lat' dir='ltr'><strong>quam</strong></span> <span class='ocrx_word' id='word_1_14' title='bbox 1446 626 1562 691; x_wconf 84' lang='lat' dir='ltr'><strong>amabi·</strong></span> 
     </span>
     <span class='ocr_line' id='line_1_3' title="bbox 302 725 1562 810; baseline -0.004 -15"><span class='ocrx_word' id='word_1_15' title='bbox 302 731 339 796; x_wconf 91' lang='lat' dir='ltr'><strong>lis</strong></span> <span class='ocrx_word' id='word_1_16' title='bbox 359 729 526 794; x_wconf 75' lang='lat' dir='ltr'><strong>inducitur!</strong></span> <span class='ocrx_word' id='word_1_17' title='bbox 559 725 650 802; x_wconf 79' lang='lat' dir='ltr'><strong>Qua,</strong></span> <span class='ocrx_word' id='word_1_18' title='bbox 672 744 762 808; x_wconf 92' lang='lat' dir='ltr'><strong>quum</strong></span> <span class='ocrx_word' id='word_1_19' title='bbox 785 733 881 806; x_wconf 83' lang='lat' dir='ltr'><strong>captae</strong></span> <span class='ocrx_word' id='word_1_20' title='bbox 900 725 1080 789; x_wconf 87' lang='lat' dir='ltr'><strong>Oechalides</strong></span> <span class='ocrx_word' id='word_1_21' title='bbox 1095 726 1126 789; x_wconf 91' lang='lat' dir='ltr'><strong>in</strong></span> <span class='ocrx_word' id='word_1_22' title='bbox 1140 726 1220 790; x_wconf 82' lang='lat' dir='ltr'><strong>sedes</strong></span> <span class='ocrx_word' id='word_1_23' title='bbox 1238 727 1432 804; x_wconf 90' lang='lat' dir='ltr'><strong>inducuntur,</strong></span> <span class='ocrx_word' id='word_1_24' title='bbox 1457 747 1562 810; x_wconf 86' lang='lat' dir='ltr'><strong>quam-</strong></span> 
     </span>
     <span class='ocr_line' id='line_1_4' title="bbox 303 825 1561 916; baseline -0.003 -20"><span class='ocrx_word' id='word_1_25' title='bbox 303 851 394 916; x_wconf 87' lang='lat' dir='ltr'><strong>quam</strong></span> <span class='ocrx_word' id='word_1_26' title='bbox 416 840 489 894; x_wconf 90' lang='lat' dir='ltr'><strong>tuno</strong></span> <span class='ocrx_word' id='word_1_27' title='bbox 510 829 626 911; x_wconf 90' lang='lat' dir='ltr'><strong>ipsum,</strong></span> <span class='ocrx_word' id='word_1_28' title='bbox 646 836 806 908; x_wconf 86' lang='lat' dir='ltr'><strong>postquam</strong></span> <span class='ocrx_word' id='word_1_29' title='bbox 830 825 935 890; x_wconf 88' lang='lat' dir='ltr'><strong>vicisse</strong></span> <span class='ocrx_word' id='word_1_30' title='bbox 956 826 1117 890; x_wconf 83' lang='lat' dir='ltr'>Herculem</span> <span class='ocrx_word' id='word_1_31' title='bbox 1139 837 1171 890; x_wconf 91' lang='lat' dir='ltr'><strong>et</strong></span> <span class='ocrx_word' id='word_1_32' title='bbox 1192 827 1311 890; x_wconf 85' lang='lat' dir='ltr'><strong>salvum</strong></span> <span class='ocrx_word' id='word_1_33' title='bbox 1333 829 1431 892; x_wconf 88' lang='lat' dir='ltr'><strong>redire</strong></span> <span class='ocrx_word' id='word_1_34' title='bbox 1451 848 1561 910; x_wconf 82' lang='lat' dir='ltr'><strong>cogno·</strong></span> 
     </span>
     <span class='ocr_line' id='line_1_5' title="bbox 303 927 1564 1008; baseline -0.002 -12"><span class='ocrx_word' id='word_1_35' title='bbox 303 934 362 1008; x_wconf 88' lang='lat' dir='ltr'><strong>vit,</strong></span> <span class='ocrx_word' id='word_1_36' title='bbox 395 931 531 996; x_wconf 76' lang='lat' dir='ltr'><strong>exsultat</strong></span> <span class='ocrx_word' id='word_1_37' title='bbox 561 928 684 1005; x_wconf 86' lang='lat' dir='ltr'><strong>laetitia,</strong></span> <span class='ocrx_word' id='word_1_38' title='bbox 716 936 820 990; x_wconf 88' lang='lat' dir='ltr'><strong>tamen</strong></span> <span class='ocrx_word' id='word_1_39' title='bbox 844 927 984 990; x_wconf 75' lang='lat' dir='ltr'><strong>lacrimas</strong></span> <span class='ocrx_word' id='word_1_40' title='bbox 1006 928 1114 990; x_wconf 74' lang='lat' dir='ltr'><strong>aliena</strong></span> <span class='ocrx_word' id='word_1_41' title='bbox 1136 928 1304 992; x_wconf 78' lang='lat' dir='ltr'><strong>calamitati</strong></span> <span class='ocrx_word' id='word_1_42' title='bbox 1326 929 1445 994; x_wconf 89' lang='lat' dir='ltr'><strong>debitas</strong></span> <span class='ocrx_word' id='word_1_43' title='bbox 1466 931 1564 994; x_wconf 82' lang='lat' dir='ltr'><strong>fundit</strong></span> 
     </span>
     <span class='ocr_line' id='line_1_6' title="bbox 302 1029 1563 1117; baseline -0.002 -19"><span class='ocrx_word' id='word_1_44' title='bbox 302 1033 508 1117; x_wconf 79' lang='lat' dir='ltr'><strong>imprimisque</strong></span> <span class='ocrx_word' id='word_1_45' title='bbox 540 1031 623 1094; x_wconf 90' lang='lat' dir='ltr'><strong>Iolen</strong></span> <span class='ocrx_word' id='word_1_46' title='bbox 655 1029 752 1111; x_wconf 84' lang='lat' dir='ltr'><strong>ipsam</strong></span> <span class='ocrx_word' id='word_1_47' title='bbox 774 1047 810 1092; x_wconf 89' lang='lat' dir='ltr'><strong>eo</strong></span> <span class='ocrx_word' id='word_1_48' title='bbox 832 1030 937 1092; x_wconf 76' lang='lat' dir='ltr'><strong>forma</strong></span> <span class='ocrx_word' id='word_1_49' title='bbox 959 1029 1064 1092; x_wconf 88' lang='lat' dir='ltr'><strong>decore</strong></span> <span class='ocrx_word' id='word_1_50' title='bbox 1086 1029 1266 1110; x_wconf 84' lang='lat' dir='ltr'><strong>fulgentem,</strong></span> <span class='ocrx_word' id='word_1_51' title='bbox 1297 1032 1376 1112; x_wconf 92' lang='lat' dir='ltr'><strong>quod</strong></span> <span class='ocrx_word' id='word_1_52' title='bbox 1398 1040 1511 1096; x_wconf 88' lang='lat' dir='ltr'><strong>metum</strong></span> <span class='ocrx_word' id='word_1_53' title='bbox 1532 1041 1563 1096; x_wconf 90' lang='lat' dir='ltr'><strong>et</strong></span> 
     </span>
     <span class='ocr_line' id='line_1_7' title="bbox 302 1129 1562 1218; baseline -0.002 -19"><span class='ocrx_word' id='word_1_54' title='bbox 302 1135 501 1218; x_wconf 89' lang='lat' dir='ltr'><strong>suspicionem</strong></span> <span class='ocrx_word' id='word_1_55' title='bbox 524 1131 610 1194; x_wconf 80' lang='lat' dir='ltr'><strong>facilc</strong></span> <span class='ocrx_word' id='word_1_56' title='bbox 632 1129 730 1211; x_wconf 90' lang='lat' dir='ltr'><strong>possit</strong></span> <span class='ocrx_word' id='word_1_57' title='bbox 752 1149 887 1205; x_wconf 84' lang='lat' dir='ltr'><strong>movere,</strong></span> <span class='ocrx_word' id='word_1_58' title='bbox 918 1149 1038 1192; x_wconf 87' lang='lat' dir='ltr'><strong>summa</strong></span> <span class='ocrx_word' id='word_1_59' title='bbox 1065 1129 1268 1194; x_wconf 78' lang='lat' dir='ltr'><strong>misericordia</strong></span> <span class='ocrx_word' id='word_1_60' title='bbox 1300 1132 1562 1216; x_wconf 77' lang='lat' dir='ltr'><strong>benevolentiaque</strong></span> 
     </span>
     <span class='ocr_line' id='line_1_8' title="bbox 303 1230 1564 1320; baseline -0.003 -20"><span class='ocrx_word' id='word_1_61' title='bbox 303 1236 503 1320; x_wconf 78' lang='lat' dir='ltr'><strong>prosequitur.</strong></span> <span class='ocrx_word' id='word_1_62' title='bbox 546 1231 648 1303; x_wconf 82' lang='lat' dir='ltr'><strong>Quum</strong></span> <span class='ocrx_word' id='word_1_63' title='bbox 669 1251 741 1294; x_wconf 83' lang='lat' dir='ltr'><strong>vero</strong></span> <span class='ocrx_word' id='word_1_64' title='bbox 763 1231 873 1313; x_wconf 84' lang='lat' dir='ltr'><strong>Euryti</strong></span> <span class='ocrx_word' id='word_1_65' title='bbox 894 1230 986 1294; x_wconf 86' lang='lat' dir='ltr'><strong>filiam</strong></span> <span class='ocrx_word' id='word_1_66' title='bbox 1009 1250 1074 1294; x_wconf 91' lang='lat' dir='ltr'><strong>esse</strong></span> <span class='ocrx_word' id='word_1_67' title='bbox 1095 1239 1128 1295; x_wconf 89' lang='lat' dir='ltr'><strong>et</strong></span> <span class='ocrx_word' id='word_1_68' title='bbox 1148 1232 1245 1296; x_wconf 89' lang='lat' dir='ltr'><strong>amari</strong></span> <span class='ocrx_word' id='word_1_69' title='bbox 1266 1234 1306 1296; x_wconf 92' lang='lat' dir='ltr'><strong>ab</strong></span> <span class='ocrx_word' id='word_1_70' title='bbox 1328 1235 1458 1298; x_wconf 86' lang='lat' dir='ltr'><strong>Hercule</strong></span> <span class='ocrx_word' id='word_1_71' title='bbox 1471 1235 1564 1298; x_wconf 89' lang='lat' dir='ltr'><strong>resci-</strong></span> 
     </span>
     <span class='ocr_line' id='line_1_9' title="bbox 303 1333 1562 1418; baseline -0.002 -16"><span class='ocrx_word' id='word_1_72' title='bbox 303 1341 364 1414; x_wconf 87' lang='lat' dir='ltr'><strong>vit,</strong></span> <span class='ocrx_word' id='word_1_73' title='bbox 397 1355 485 1418; x_wconf 90' lang='lat' dir='ltr'><strong>quam</strong></span> <span class='ocrx_word' id='word_1_74' title='bbox 508 1334 658 1417; x_wconf 88' lang='lat' dir='ltr'><strong>patienter</strong></span> <span class='ocrx_word' id='word_1_75' title='bbox 680 1333 776 1407; x_wconf 92' lang='lat' dir='ltr'><strong>dolet,</strong></span> <span class='ocrx_word' id='word_1_76' title='bbox 811 1351 900 1414; x_wconf 87' lang='lat' dir='ltr'><strong>quam</strong></span> <span class='ocrx_word' id='word_1_77' title='bbox 922 1333 1097 1406; x_wconf 87' lang='lat' dir='ltr'><strong>summisse,</strong></span> <span class='ocrx_word' id='word_1_78' title='bbox 1131 1351 1221 1415; x_wconf 86' lang='lat' dir='ltr'><strong>quam</strong></span> <span class='ocrx_word' id='word_1_79' title='bbox 1243 1333 1420 1398; x_wconf 83' lang='lat' dir='ltr'><strong>liberaliter!</strong></span> <span class='ocrx_word' id='word_1_80' title='bbox 1462 1334 1562 1410; x_wconf 81' lang='lat' dir='ltr'><strong>Quam</strong></span> 
     </span>
     <span class='ocr_line' id='line_1_10' title="bbox 304 1431 1562 1516; baseline -0.004 -13"><span class='ocrx_word' id='word_1_81' title='bbox 304 1439 391 1503; x_wconf 82' lang='lat' dir='ltr'><strong>facile</strong></span> <span class='ocrx_word' id='word_1_82' title='bbox 412 1437 521 1500; x_wconf 91' lang='lat' dir='ltr'><strong>marito</strong></span> <span class='ocrx_word' id='word_1_83' title='bbox 542 1435 683 1516; x_wconf 82' lang='lat' dir='ltr'><strong>ignoscit!</strong></span> <span class='ocrx_word' id='word_1_84' title='bbox 726 1431 826 1503; x_wconf 82' lang='lat' dir='ltr'><strong>Quam</strong></span> <span class='ocrx_word' id='word_1_85' title='bbox 856 1433 930 1496; x_wconf 90' lang='lat' dir='ltr'><strong>nihil</strong></span> <span class='ocrx_word' id='word_1_86' title='bbox 957 1433 1055 1516; x_wconf 83' lang='lat' dir='ltr'><strong>pellici</strong></span> <span class='ocrx_word' id='word_1_87' title='bbox 1082 1435 1251 1497; x_wconf 86' lang='lat' dir='ltr'><strong>succenset!</strong></span> <span class='ocrx_word' id='word_1_88' title='bbox 1294 1435 1342 1499; x_wconf 90' lang='lat' dir='ltr'><strong>Ac</strong></span> <span class='ocrx_word' id='word_1_89' title='bbox 1365 1457 1402 1498; x_wconf 88' lang='lat' dir='ltr'><strong>ne</strong></span> <span class='ocrx_word' id='word_1_90' title='bbox 1424 1435 1562 1500; x_wconf 92' lang='lat' dir='ltr'><strong>Herculis</strong></span> 
     </span>
     <span class='ocr_line' id='line_1_11' title="bbox 303 1535 1563 1624; baseline -0.002 -21"><span class='ocrx_word' id='word_1_91' title='bbox 303 1542 422 1624; x_wconf 89' lang='lat' dir='ltr'><strong>quidem</strong></span> <span class='ocrx_word' id='word_1_92' title='bbox 454 1555 552 1601; x_wconf 91' lang='lat' dir='ltr'><strong>mores</strong></span> <span class='ocrx_word' id='word_1_93' title='bbox 581 1535 695 1599; x_wconf 89' lang='lat' dir='ltr'><strong>omittit</strong></span> <span class='ocrx_word' id='word_1_94' title='bbox 722 1543 827 1614; x_wconf 90' lang='lat' dir='ltr'><strong>poeta,</strong></span> <span class='ocrx_word' id='word_1_95' title='bbox 860 1535 931 1616; x_wconf 92' lang='lat' dir='ltr'><strong>quin</strong></span> <span class='ocrx_word' id='word_1_96' title='bbox 954 1535 1086 1598; x_wconf 88' lang='lat' dir='ltr'><strong>breviter</strong></span> <span class='ocrx_word' id='word_1_97' title='bbox 1102 1536 1263 1598; x_wconf 77' lang='lat' dir='ltr'><strong>dumtaxat</strong></span> <span class='ocrx_word' id='word_1_98' title='bbox 1283 1537 1449 1618; x_wconf 83' lang='lat' dir='ltr'><strong>significet:</strong></span> <span class='ocrx_word' id='word_1_99' title='bbox 1481 1538 1563 1618; x_wconf 87' lang='lat' dir='ltr'><strong>cujus</strong></span> 
     </span>
     <span class='ocr_line' id='line_1_12' title="bbox 303 1635 1564 1722; baseline -0.005 -16"><span class='ocrx_word' id='word_1_100' title='bbox 303 1661 430 1722; x_wconf 84' lang='lat' dir='ltr'><strong>magnus</strong></span> <span class='ocrx_word' id='word_1_101' title='bbox 452 1648 482 1701; x_wconf 89' lang='lat' dir='ltr'><strong>et</strong></span> <span class='ocrx_word' id='word_1_102' title='bbox 503 1638 632 1718; x_wconf 84' lang='lat' dir='ltr'><strong>simplex</strong></span> <span class='ocrx_word' id='word_1_103' title='bbox 653 1635 770 1698; x_wconf 82' lang='lat' dir='ltr'><strong>animm</strong></span> <span class='ocrx_word' id='word_1_104' title='bbox 792 1635 974 1709; x_wconf 88' lang='lat' dir='ltr'><strong>declaratur,</strong></span> <span class='ocrx_word' id='word_1_105' title='bbox 1008 1655 1098 1717; x_wconf 91' lang='lat' dir='ltr'><strong>quum</strong></span> <span class='ocrx_word' id='word_1_106' title='bbox 1126 1636 1256 1712; x_wconf 85' lang='lat' dir='ltr'><strong>Lichas,</strong></span> <span class='ocrx_word' id='word_1_107' title='bbox 1287 1638 1366 1719; x_wconf 89' lang='lat' dir='ltr'><strong>quod</strong></span> <span class='ocrx_word' id='word_1_108' title='bbox 1389 1639 1564 1718; x_wconf 87' lang='lat' dir='ltr'><strong>Dejaniram</strong></span> 
     </span>
     <span class='ocr_line' id='line_1_13' title="bbox 303 1735 1563 1820; baseline -0.005 -13"><span class='ocrx_word' id='word_1_109' title='bbox 303 1745 341 1807; x_wconf 90' lang='lat' dir='ltr'><strong>do</strong></span> <span class='ocrx_word' id='word_1_110' title='bbox 362 1744 429 1805; x_wconf 91' lang='lat' dir='ltr'><strong>Iola</strong></span> <span class='ocrx_word' id='word_1_111' title='bbox 451 1739 579 1813; x_wconf 86' lang='lat' dir='ltr'><strong>celarit,</strong></span> <span class='ocrx_word' id='word_1_112' title='bbox 600 1737 632 1801; x_wconf 93' lang='lat' dir='ltr'><strong>id</strong></span> <span class='ocrx_word' id='word_1_113' title='bbox 654 1755 710 1798; x_wconf 91' lang='lat' dir='ltr'><strong>suo</strong></span> <span class='ocrx_word' id='word_1_114' title='bbox 730 1755 762 1798; x_wconf 93' lang='lat' dir='ltr'><strong>se</strong></span> <span class='ocrx_word' id='word_1_115' title='bbox 783 1736 907 1800; x_wconf 91' lang='lat' dir='ltr'><strong>consilio</strong></span> <span class='ocrx_word' id='word_1_116' title='bbox 922 1735 1028 1800; x_wconf 86' lang='lat' dir='ltr'><strong>fecisse</strong></span> <span class='ocrx_word' id='word_1_117' title='bbox 1043 1737 1217 1813; x_wconf 85' lang='lat' dir='ltr'><strong>confirmat,</strong></span> <span class='ocrx_word' id='word_1_118' title='bbox 1240 1757 1298 1800; x_wconf 87' lang='lat' dir='ltr'><strong>uon</strong></span> <span class='ocrx_word' id='word_1_119' title='bbox 1314 1739 1457 1802; x_wconf 88' lang='lat' dir='ltr'><strong>Herculis</strong></span> <span class='ocrx_word' id='word_1_120' title='bbox 1469 1740 1563 1820; x_wconf 88' lang='lat' dir='ltr'><strong>jussu,</strong></span> 
     </span>
     <span class='ocr_line' id='line_1_14' title="bbox 303 1837 1398 1927; baseline -0.004 -20"><span class='ocrx_word' id='word_1_121' title='bbox 303 1863 392 1927; x_wconf 92' lang='lat' dir='ltr'><strong>quem</strong></span> <span class='ocrx_word' id='word_1_122' title='bbox 415 1841 472 1905; x_wconf 90' lang='lat' dir='ltr'><strong>uisi</strong></span> <span class='ocrx_word' id='word_1_123' title='bbox 493 1849 597 1922; x_wconf 88' lang='lat' dir='ltr'><strong>aperte</strong></span> <span class='ocrx_word' id='word_1_124' title='bbox 619 1848 650 1901; x_wconf 91' lang='lat' dir='ltr'><strong>et</strong></span> <span class='ocrx_word' id='word_1_125' title='bbox 670 1837 846 1918; x_wconf 88' lang='lat' dir='ltr'><strong>simpliciter</strong></span> <span class='ocrx_word' id='word_1_126' title='bbox 866 1846 1001 1901; x_wconf 85' lang='lat' dir='ltr'><strong>acturum</strong></span> <span class='ocrx_word' id='word_1_127' title='bbox 1025 1855 1092 1900; x_wconf 89' lang='lat' dir='ltr'><strong>esse</strong></span> <span class='ocrx_word' id='word_1_128' title='bbox 1114 1837 1274 1921; x_wconf 89' lang='lat' dir='ltr'><strong>quicquam</strong></span> <span class='ocrx_word' id='word_1_129' title='bbox 1297 1848 1398 1921; x_wconf 85' lang='lat' dir='ltr'><strong>negat.</strong></span> 
     </span>
    </p>

    <p class='ocr_par' dir='ltr' id='par_1_3' title="bbox 304 1939 1565 2230">
     <span class='ocr_line' id='line_1_15' title="bbox 387 1939 1564 2020; baseline -0.003 -11"><span class='ocrx_word' id='word_1_130' title='bbox 387 1945 433 2009; x_wconf 90' lang='lat' dir='ltr'><strong>At</strong></span> <span class='ocrx_word' id='word_1_131' title='bbox 459 1942 489 2004; x_wconf 93' lang='lat' dir='ltr'><strong>in</strong></span> <span class='ocrx_word' id='word_1_132' title='bbox 518 1941 616 2004; x_wconf 88' lang='lat' dir='ltr'><strong>latina</strong></span> <span class='ocrx_word' id='word_1_133' title='bbox 643 1939 749 2000; x_wconf 87' lang='lat' dir='ltr'><strong>fabula</strong></span> <span class='ocrx_word' id='word_1_134' title='bbox 770 1941 898 2020; x_wconf 89' lang='lat' dir='ltr'><strong>primum</strong></span> <span class='ocrx_word' id='word_1_135' title='bbox 920 1939 970 2002; x_wconf 47' lang='lat' dir='ltr'><strong>ab*</strong></span> <span class='ocrx_word' id='word_1_136' title='bbox 983 1939 1113 2002; x_wconf 89' lang='lat' dir='ltr'><strong>Hercule</strong></span> <span class='ocrx_word' id='word_1_137' title='bbox 1135 1948 1254 2003; x_wconf 91' lang='lat' dir='ltr'><strong>centnm</strong></span> <span class='ocrx_word' id='word_1_138' title='bbox 1276 1942 1412 2004; x_wconf 85' lang='lat' dir='ltr'><strong>versibus</strong></span> <span class='ocrx_word' id='word_1_139' title='bbox 1433 1941 1564 2006; x_wconf 78' lang='lat' dir='ltr'><strong>victorie</strong></span> 
     </span>
     <span class='ocr_line' id='line_1_16' title="bbox 304 2040 1565 2124; baseline -0.002 -13"><span class='ocrx_word' id='word_1_140' title='bbox 304 2067 367 2110; x_wconf 84' lang='lat' dir='ltr'><strong>suae</strong></span> <span class='ocrx_word' id='word_1_141' title='bbox 389 2047 566 2124; x_wconf 86' lang='lat' dir='ltr'><strong>laboresque</strong></span> <span class='ocrx_word' id='word_1_142' title='bbox 587 2041 790 2124; x_wconf 78' lang='lat' dir='ltr'><strong>pradicantnr</strong></span> <span class='ocrx_word' id='word_1_143' title='bbox 812 2047 842 2102; x_wconf 89' lang='lat' dir='ltr'><strong>et</strong></span> <span class='ocrx_word' id='word_1_144' title='bbox 864 2059 901 2102; x_wconf 90' lang='lat' dir='ltr'><strong>ea</strong></span> <span class='ocrx_word' id='word_1_145' title='bbox 922 2040 1041 2123; x_wconf 91' lang='lat' dir='ltr'><strong>quidem</strong></span> <span class='ocrx_word' id='word_1_146' title='bbox 1061 2040 1231 2120; x_wconf 86' lang='lat' dir='ltr'><strong>jactantia,</strong></span> <span class='ocrx_word' id='word_1_147' title='bbox 1254 2050 1288 2105; x_wconf 90' lang='lat' dir='ltr'><strong>ut</strong></span> <span class='ocrx_word' id='word_1_148' title='bbox 1309 2062 1371 2124; x_wconf 72' lang='lat' dir='ltr'><strong>prae</strong></span> <span class='ocrx_word' id='word_1_149' title='bbox 1386 2043 1565 2108; x_wconf 84' lang='lat' dir='ltr'><strong>confidentia</strong></span> 
     </span>
     <span class='ocr_line' id='line_1_17' title="bbox 305 2141 1564 2230; baseline -0.002 -20"><span class='ocrx_word' id='word_1_150' title='bbox 305 2148 503 2230; x_wconf 87' lang='lat' dir='ltr'><strong>superbiaque</strong></span> <span class='ocrx_word' id='word_1_151' title='bbox 534 2143 587 2206; x_wconf 87' lang='lat' dir='ltr'><strong>vix</strong></span> <span class='ocrx_word' id='word_1_152' title='bbox 619 2149 716 2204; x_wconf 90' lang='lat' dir='ltr'><strong>mente</strong></span> <span class='ocrx_word' id='word_1_153' title='bbox 750 2151 887 2204; x_wconf 87' lang='lat' dir='ltr'><strong>constare</strong></span> <span class='ocrx_word' id='word_1_154' title='bbox 917 2141 1065 2204; x_wconf 88' lang='lat' dir='ltr'><strong>videatur.</strong></span> <span class='ocrx_word' id='word_1_155' title='bbox 1109 2142 1187 2204; x_wconf 88' lang='lat' dir='ltr'><strong>Tum</strong></span> <span class='ocrx_word' id='word_1_156' title='bbox 1210 2142 1273 2205; x_wconf 95' lang='lat' dir='ltr'><strong>Iole</strong></span> <span class='ocrx_word' id='word_1_157' title='bbox 1295 2163 1364 2206; x_wconf 90' lang='lat' dir='ltr'><strong>curu</strong></span> <span class='ocrx_word' id='word_1_158' title='bbox 1386 2144 1493 2220; x_wconf 92' lang='lat' dir='ltr'><strong>choro,</strong></span> <span class='ocrx_word' id='word_1_159' title='bbox 1514 2144 1564 2226; x_wconf 93' lang='lat' dir='ltr'><strong>qni</strong></span> 
     </span>
    </p>
   </div>
   <div class='ocr_carea' id='block_1_3' title="bbox 300 2241 1564 2635">
    <p class='ocr_par' dir='ltr' id='par_1_4' title="bbox 300 2241 1564 2635">
     <span class='ocr_line' id='line_1_18' title="bbox 306 2241 1564 2330; baseline -0.004 -17"><span class='ocrx_word' id='word_1_160' title='bbox 306 2269 345 2312; x_wconf 84' lang='lat' dir='ltr'><strong>ex</strong></span> <span class='ocrx_word' id='word_1_161' title='bbox 366 2247 494 2330; x_wconf 85' lang='lat' dir='ltr'><strong>captivis</strong></span> <span class='ocrx_word' id='word_1_162' title='bbox 517 2243 691 2306; x_wconf 89' lang='lat' dir='ltr'><strong>mulieribus</strong></span> <span class='ocrx_word' id='word_1_163' title='bbox 713 2252 850 2317; x_wconf 86' lang='lat' dir='ltr'><strong>constat,</strong></span> <span class='ocrx_word' id='word_1_164' title='bbox 871 2241 1025 2306; x_wconf 90' lang='lat' dir='ltr'><strong>interitum</strong></span> <span class='ocrx_word' id='word_1_165' title='bbox 1047 2243 1157 2323; x_wconf 75' lang='lat' dir='ltr'><strong>patria</strong></span> <span class='ocrx_word' id='word_1_166' title='bbox 1186 2244 1363 2326; x_wconf 89' lang='lat' dir='ltr'><strong>complorat.</strong></span> <span class='ocrx_word' id='word_1_167' title='bbox 1405 2247 1482 2308; x_wconf 83' lang='lat' dir='ltr'><strong>Mox</strong></span> <span class='ocrx_word' id='word_1_168' title='bbox 1502 2245 1564 2308; x_wconf 89' lang='lat' dir='ltr'><strong>De·</strong></span> 
     </span>
     <span class='ocr_line' id='line_1_19' title="bbox 303 2344 1564 2432; baseline -0.003 -18"><span class='ocrx_word' id='word_1_169' title='bbox 303 2351 405 2432; x_wconf 83' lang='lat' dir='ltr'><strong>janira</strong></span> <span class='ocrx_word' id='word_1_170' title='bbox 436 2345 617 2431; x_wconf 89' lang='lat' dir='ltr'><strong>prorumpit:</strong></span> <span class='ocrx_word' id='word_1_171' title='bbox 650 2360 740 2424; x_wconf 89' lang='lat' dir='ltr'><strong>quam</strong></span> <span class='ocrx_word' id='word_1_172' title='bbox 773 2344 870 2406; x_wconf 87' lang='lat' dir='ltr'><strong>furere</strong></span> <span class='ocrx_word' id='word_1_173' title='bbox 898 2344 1090 2406; x_wconf 87' lang='lat' dir='ltr'><strong>vehementer</strong></span> <span class='ocrx_word' id='word_1_174' title='bbox 1110 2354 1142 2408; x_wconf 93' lang='lat' dir='ltr'><strong>et</strong></span> <span class='ocrx_word' id='word_1_175' title='bbox 1164 2345 1309 2408; x_wconf 90' lang='lat' dir='ltr'><strong>nutricem</strong></span> <span class='ocrx_word' id='word_1_176' title='bbox 1330 2365 1432 2409; x_wconf 89' lang='lat' dir='ltr'><strong>secum</strong></span> <span class='ocrx_word' id='word_1_177' title='bbox 1453 2347 1564 2410; x_wconf 90' lang='lat' dir='ltr'><strong>habere</strong></span> 
     </span>
     <span class='ocr_line' id='line_1_20' title="bbox 305 2443 1563 2530; baseline -0.003 -16"><span class='ocrx_word' id='word_1_178' title='bbox 305 2471 364 2514; x_wconf 88' lang='lat' dir='ltr'><strong>non</strong></span> <span class='ocrx_word' id='word_1_179' title='bbox 386 2467 507 2513; x_wconf 88' lang='lat' dir='ltr'><strong>necesse</strong></span> <span class='ocrx_word' id='word_1_180' title='bbox 529 2456 576 2509; x_wconf 91' lang='lat' dir='ltr'><strong>est</strong></span> <span class='ocrx_word' id='word_1_181' title='bbox 597 2445 704 2509; x_wconf 88' lang='lat' dir='ltr'><strong>dicere.</strong></span> <span class='ocrx_word' id='word_1_182' title='bbox 748 2443 839 2507; x_wconf 88' lang='lat' dir='ltr'><strong>Nunc</strong></span> <span class='ocrx_word' id='word_1_183' title='bbox 860 2445 1040 2519; x_wconf 81' lang='lat' dir='ltr'><strong>Herculem,</strong></span> <span class='ocrx_word' id='word_1_184' title='bbox 1062 2463 1142 2507; x_wconf 90' lang='lat' dir='ltr'><strong>nnnc</strong></span> <span class='ocrx_word' id='word_1_185' title='bbox 1156 2465 1190 2507; x_wconf 91' lang='lat' dir='ltr'><strong>se</strong></span> <span class='ocrx_word' id='word_1_186' title='bbox 1209 2445 1323 2526; x_wconf 87' lang='lat' dir='ltr'><strong>ipsam,</strong></span> <span class='ocrx_word' id='word_1_187' title='bbox 1338 2467 1417 2511; x_wconf 89' lang='lat' dir='ltr'><strong>nuuc</strong></span> <span class='ocrx_word' id='word_1_188' title='bbox 1432 2449 1563 2530; x_wconf 89' lang='lat' dir='ltr'><strong>pellicem</strong></span> 
     </span>
     <span class='ocr_line' id='line_1_21' title="bbox 300 2545 1510 2635; baseline -0.009 -18"><span class='ocrx_word' id='word_1_189' title='bbox 300 2553 507 2635; x_wconf 85' lang='lat' dir='ltr'><strong>jugulaturam</strong></span> <span class='ocrx_word' id='word_1_190' title='bbox 529 2567 561 2610; x_wconf 91' lang='lat' dir='ltr'><strong>se</strong></span> <span class='ocrx_word' id='word_1_191' title='bbox 584 2547 713 2621; x_wconf 82' lang='lat' dir='ltr'><strong>clamat3</strong></span> <span class='ocrx_word' id='word_1_192' title='bbox 735 2547 788 2607; x_wconf 90' lang='lat' dir='ltr'><strong>sed</strong></span> <span class='ocrx_word' id='word_1_193' title='bbox 811 2566 847 2608; x_wconf 89' lang='lat' dir='ltr'><strong>ne</strong></span> <span class='ocrx_word' id='word_1_194' title='bbox 868 2546 915 2609; x_wconf 90' lang='lat' dir='ltr'><strong>his</strong></span> <span class='ocrx_word' id='word_1_195' title='bbox 937 2545 1056 2629; x_wconf 89' lang='lat' dir='ltr'><strong>quidem</strong></span> <span class='ocrx_word' id='word_1_196' title='bbox 1079 2545 1262 2609; x_wconf 83' lang='lat' dir='ltr'><strong>facinoribus</strong></span> <span class='ocrx_word' id='word_1_197' title='bbox 1284 2556 1331 2612; x_wconf 91' lang='lat' dir='ltr'><strong>est</strong></span> <span class='ocrx_word' id='word_1_198' title='bbox 1351 2558 1510 2613; x_wconf 76' lang='lat' dir='ltr'><strong>contenta:</strong></span> 
     </span>
    </p>
   </div>
   <div class='ocr_carea' id='block_1_4' title="bbox 547 2645 1317 2877">
    <p class='ocr_par' dir='ltr' id='par_1_5' title="bbox 547 2645 1317 2877">
     <span class='ocr_line' id='line_1_22' title="bbox 903 2645 1317 2717; baseline 0.012 -16"><span class='ocrx_word' id='word_1_199' title='bbox 903 2645 932 2702; x_wconf 82' lang='lat' dir='ltr'><strong>Si</strong></span> <span class='ocrx_word' id='word_1_200' title='bbox 954 2647 1058 2717; x_wconf 88' lang='lat' dir='ltr'><strong>quide</strong></span> <span class='ocrx_word' id='word_1_201' title='bbox 1080 2649 1176 2703; x_wconf 87' lang='lat' dir='ltr'><strong>nostro</strong></span> <span class='ocrx_word' id='word_1_202' title='bbox 1197 2647 1317 2706; x_wconf 88' lang='lat' dir='ltr'><strong>Hercule</strong></span> 
     </span>
     <span class='ocr_line' id='line_1_23' title="bbox 547 2731 1172 2804; baseline -0.003 -13"><span class='ocrx_word' id='word_1_203' title='bbox 547 2733 681 2804; x_wconf 77' lang='lat' dir='ltr'><strong>Concepit</strong></span> <span class='ocrx_word' id='word_1_204' title='bbox 701 2731 773 2788; x_wconf 86' lang='lat' dir='ltr'><strong>Iole:</strong></span> <span class='ocrx_word' id='word_1_205' title='bbox 797 2735 925 2792; x_wconf 89' lang='lat' dir='ltr'><strong>manibus</strong></span> <span class='ocrx_word' id='word_1_206' title='bbox 947 2734 1069 2790; x_wconf 86' lang='lat' dir='ltr'><strong>avellam</strong></span> <span class='ocrx_word' id='word_1_207' title='bbox 1093 2733 1172 2790; x_wconf 88' lang='lat' dir='ltr'><strong>meis.</strong></span> 
     </span>
     <span class='ocr_line' id='line_1_24' title="bbox 1103 2821 1315 2877; baseline -0.005 0"><span class='ocrx_word' id='word_1_208' title='bbox 1103 2840 1130 2877; x_wconf 81' lang='lat' dir='ltr'><strong>v.</strong></span> <span class='ocrx_word' id='word_1_209' title='bbox 1156 2821 1315 2877; x_wconf 80' lang='lat'><strong>348-49.</strong></span> 
     </span>
    </p>
   </div>
   <div class='ocr_carea' id='block_1_5' title="bbox 304 2941 1566 3721">
    <p class='ocr_par' dir='ltr' id='par_1_6' title="bbox 304 2941 1566 3721">
     <span class='ocr_line' id='line_1_25' title="bbox 305 2941 1565 3025; baseline -0.001 -16"><span class='ocrx_word' id='word_1_210' title='bbox 305 2945 453 3010; x_wconf 87' lang='lat' dir='ltr'><strong>Novimus</strong></span> <span class='ocrx_word' id='word_1_211' title='bbox 471 2944 536 3025; x_wconf 89' lang='lat' dir='ltr'><strong>jam</strong></span> <span class='ocrx_word' id='word_1_212' title='bbox 558 2943 651 3018; x_wconf 87' lang='lat' dir='ltr'><strong>satis,</strong></span> <span class='ocrx_word' id='word_1_213' title='bbox 685 2941 800 3022; x_wconf 88' lang='lat' dir='ltr'><strong>opinor,</strong></span> <span class='ocrx_word' id='word_1_214' title='bbox 827 2943 987 3005; x_wconf 85' lang='lat' dir='ltr'><strong>amabilem</strong></span> <span class='ocrx_word' id='word_1_215' title='bbox 1010 2944 1165 3006; x_wconf 86' lang='lat' dir='ltr'><strong>feminam.</strong></span> <span class='ocrx_word' id='word_1_216' title='bbox 1209 2943 1361 3006; x_wconf 83' lang='lat' dir='ltr'><strong>Praeterea</strong></span> <span class='ocrx_word' id='word_1_217' title='bbox 1382 2950 1416 3006; x_wconf 91' lang='lat' dir='ltr'><strong>ut</strong></span> <span class='ocrx_word' id='word_1_218' title='bbox 1437 2942 1565 3024; x_wconf 88' lang='lat' dir='ltr'><strong>primum</strong></span> 
     </span>
     <span class='ocr_line' id='line_1_26' title="bbox 305 3043 1566 3126; baseline -0.004 -16"><span class='ocrx_word' id='word_1_219' title='bbox 305 3048 359 3110; x_wconf 89' lang='lat' dir='ltr'><strong>illa</strong></span> <span class='ocrx_word' id='word_1_220' title='bbox 381 3046 486 3108; x_wconf 86' lang='lat' dir='ltr'><strong>furoris</strong></span> <span class='ocrx_word' id='word_1_221' title='bbox 509 3053 675 3125; x_wconf 87' lang='lat' dir='ltr'><strong>tempestas</strong></span> <span class='ocrx_word' id='word_1_222' title='bbox 698 3043 851 3119; x_wconf 88' lang='lat' dir='ltr'><strong>detonuit,</strong></span> <span class='ocrx_word' id='word_1_223' title='bbox 875 3043 949 3106; x_wconf 92' lang='lat' dir='ltr'><strong>nihil</strong></span> <span class='ocrx_word' id='word_1_224' title='bbox 972 3043 1055 3107; x_wconf 92' lang='lat' dir='ltr'><strong>aliud</strong></span> <span class='ocrx_word' id='word_1_225' title='bbox 1076 3064 1165 3126; x_wconf 88' lang='lat' dir='ltr'><strong>qnam</strong></span> <span class='ocrx_word' id='word_1_226' title='bbox 1188 3045 1301 3124; x_wconf 86' lang='lat' dir='ltr'><strong>pellem</strong></span> <span class='ocrx_word' id='word_1_227' title='bbox 1317 3046 1462 3126; x_wconf 87' lang='lat' dir='ltr'><strong>sanguine</strong></span> <span class='ocrx_word' id='word_1_228' title='bbox 1477 3045 1566 3108; x_wconf 86' lang='lat' dir='ltr'><strong>Nessi</strong></span> 
     </span>
     <span class='ocr_line' id='line_1_27' title="bbox 304 3144 1566 3228; baseline -0.004 -16"><span class='ocrx_word' id='word_1_229' title='bbox 304 3149 415 3212; x_wconf 88' lang='lat' dir='ltr'><strong>illitam</strong></span> <span class='ocrx_word' id='word_1_230' title='bbox 448 3147 557 3209; x_wconf 90' lang='lat' dir='ltr'><strong>mittit:</strong></span> <span class='ocrx_word' id='word_1_231' title='bbox 591 3165 649 3227; x_wconf 92' lang='lat' dir='ltr'><strong>quo</strong></span> <span class='ocrx_word' id='word_1_232' title='bbox 673 3145 789 3228; x_wconf 91' lang='lat' dir='ltr'><strong>quidem</strong></span> <span class='ocrx_word' id='word_1_233' title='bbox 814 3145 879 3207; x_wconf 92' lang='lat' dir='ltr'><strong>loco</strong></span> <span class='ocrx_word' id='word_1_234' title='bbox 901 3144 1029 3226; x_wconf 89' lang='lat' dir='ltr'><strong>primum</strong></span> <span class='ocrx_word' id='word_1_235' title='bbox 1051 3144 1162 3227; x_wconf 86' lang='lat' dir='ltr'><strong>aliquid</strong></span> <span class='ocrx_word' id='word_1_236' title='bbox 1185 3165 1223 3206; x_wconf 87' lang='lat' dir='ltr'><strong>ex</strong></span> <span class='ocrx_word' id='word_1_237' title='bbox 1244 3144 1393 3228; x_wconf 88' lang='lat' dir='ltr'><strong>Sophocle</strong></span> <span class='ocrx_word' id='word_1_238' title='bbox 1415 3154 1566 3227; x_wconf 90' lang='lat' dir='ltr'><strong>sumptum</strong></span> 
     </span>
     <span class='ocr_line' id='line_1_28' title="bbox 305 3246 1566 3332; baseline -0.006 -18"><span class='ocrx_word' id='word_1_239' title='bbox 305 3248 504 3332; x_wconf 84' lang='lat' dir='ltr'><strong>agnoscimus.</strong></span> <span class='ocrx_word' id='word_1_240' title='bbox 548 3248 628 3310; x_wconf 91' lang='lat' dir='ltr'><strong>Nam</strong></span> <span class='ocrx_word' id='word_1_241' title='bbox 651 3255 682 3310; x_wconf 93' lang='lat' dir='ltr'><strong>et</strong></span> <span class='ocrx_word' id='word_1_242' title='bbox 703 3247 794 3309; x_wconf 89' lang='lat' dir='ltr'><strong>Nessi</strong></span> <span class='ocrx_word' id='word_1_243' title='bbox 816 3247 906 3308; x_wconf 88' lang='lat' dir='ltr'><strong>letum</strong></span> <span class='ocrx_word' id='word_1_244' title='bbox 929 3246 1066 3309; x_wconf 87' lang='lat' dir='ltr'><strong>similiter</strong></span> <span class='ocrx_word' id='word_1_245' title='bbox 1094 3253 1234 3309; x_wconf 86' lang='lat' dir='ltr'><strong>narratur</strong></span> <span class='ocrx_word' id='word_1_246' title='bbox 1260 3255 1306 3320; x_wconf 90' lang='lat' dir='ltr'><strong>et,</strong></span> <span class='ocrx_word' id='word_1_247' title='bbox 1338 3247 1416 3329; x_wconf 94' lang='lat' dir='ltr'><strong>quod</strong></span> <span class='ocrx_word' id='word_1_248' title='bbox 1443 3247 1566 3322; x_wconf 91' lang='lat' dir='ltr'><strong>mirere,</strong></span> 
     </span>
     <span class='ocr_line' id='line_1_29' title="bbox 305 3347 1566 3432; baseline -0.002 -19"><span class='ocrx_word' id='word_1_249' title='bbox 305 3371 413 3432; x_wconf 86' lang='lat' dir='ltr'><strong>genere</strong></span> <span class='ocrx_word' id='word_1_250' title='bbox 437 3349 553 3412; x_wconf 88' lang='lat' dir='ltr'><strong>dicendi</strong></span> <span class='ocrx_word' id='word_1_251' title='bbox 577 3349 789 3430; x_wconf 89' lang='lat' dir='ltr'><strong>propemodum</strong></span> <span class='ocrx_word' id='word_1_252' title='bbox 811 3367 885 3410; x_wconf 85' lang='lat' dir='ltr'><strong>sano</strong></span> <span class='ocrx_word' id='word_1_253' title='bbox 910 3356 940 3410; x_wconf 89' lang='lat' dir='ltr'><strong>et</strong></span> <span class='ocrx_word' id='word_1_254' title='bbox 962 3347 1063 3410; x_wconf 89' lang='lat' dir='ltr'><strong>Lichae</strong></span> <span class='ocrx_word' id='word_1_255' title='bbox 1086 3348 1124 3410; x_wconf 87' lang='lat' dir='ltr'><strong>ad</strong></span> <span class='ocrx_word' id='word_1_256' title='bbox 1147 3347 1309 3410; x_wconf 91' lang='lat' dir='ltr'><strong>Herculem</strong></span> <span class='ocrx_word' id='word_1_257' title='bbox 1324 3347 1448 3411; x_wconf 89' lang='lat' dir='ltr'><strong>abeunti</strong></span> <span class='ocrx_word' id='word_1_258' title='bbox 1463 3349 1566 3410; x_wconf 87' lang='lat' dir='ltr'><strong>eadem</strong></span> 
     </span>
     <span class='ocr_line' id='line_1_30' title="bbox 305 3449 1565 3534; baseline -0.003 -19"><span class='ocrx_word' id='word_1_259' title='bbox 305 3455 365 3516; x_wconf 87' lang='lat' dir='ltr'><strong>lere</strong></span> <span class='ocrx_word' id='word_1_260' title='bbox 387 3472 406 3514; x_wconf 93' lang='lat' dir='ltr'><strong>a</strong></span> <span class='ocrx_word' id='word_1_261' title='bbox 427 3449 571 3534; x_wconf 89' lang='lat' dir='ltr'><strong>Dejanira</strong></span> <span class='ocrx_word' id='word_1_262' title='bbox 594 3451 788 3524; x_wconf 64' lang='lat' dir='ltr'><strong>mandentum</strong></span> <span class='ocrx_word' id='word_1_263' title='bbox 811 3469 876 3532; x_wconf 87' lang='lat' dir='ltr'><strong>quae</strong></span> <span class='ocrx_word' id='word_1_264' title='bbox 898 3449 946 3510; x_wconf 93' lang='lat' dir='ltr'><strong>hic</strong></span> <span class='ocrx_word' id='word_1_265' title='bbox 968 3449 1089 3512; x_wconf 85' lang='lat' dir='ltr'><strong>taudem</strong></span> <span class='ocrx_word' id='word_1_266' title='bbox 1111 3467 1213 3512; x_wconf 88' lang='lat' dir='ltr'><strong>veram</strong></span> <span class='ocrx_word' id='word_1_267' title='bbox 1236 3457 1267 3512; x_wconf 89' lang='lat' dir='ltr'><strong>et</strong></span> <span class='ocrx_word' id='word_1_268' title='bbox 1281 3449 1446 3532; x_wconf 89' lang='lat' dir='ltr'><strong>simplicem</strong></span> <span class='ocrx_word' id='word_1_269' title='bbox 1463 3468 1565 3512; x_wconf 90' lang='lat' dir='ltr'><strong>vocem</strong></span> 
     </span>
     <span class='ocr_line' id='line_1_31' title="bbox 306 3552 435 3616; baseline -0.008 -1"><span class='ocrx_word' id='word_1_270' title='bbox 306 3552 435 3616; x_wconf 86' lang='lat' dir='ltr'><strong>omittit:</strong></span> 
     </span>
     <span class='ocr_line' id='line_1_32' title="bbox 548 3649 1282 3721; baseline -0.001 -14"><span class='ocrx_word' id='word_1_271' title='bbox 548 3649 622 3721; x_wconf 79' lang='lat' dir='ltr'><strong>Cape</strong></span> <span class='ocrx_word' id='word_1_272' title='bbox 644 3651 694 3706; x_wconf 92' lang='lat' dir='ltr'><strong>hos</strong></span> <span class='ocrx_word' id='word_1_273' title='bbox 716 3651 838 3707; x_wconf 86' lang='lat' dir='ltr'><strong>amictus</strong></span> <span class='ocrx_word' id='word_1_274' title='bbox 858 3651 955 3706; x_wconf 83' lang='lat' dir='ltr'><strong>nostra</strong></span> <span class='ocrx_word' id='word_1_275' title='bbox 978 3667 1046 3720; x_wconf 88' lang='lat' dir='ltr'><strong>quos</strong></span> <span class='ocrx_word' id='word_1_276' title='bbox 1068 3649 1148 3706; x_wconf 82' lang='lat' dir='ltr'><strong>nevit</strong></span> <span class='ocrx_word' id='word_1_277' title='bbox 1169 3667 1282 3718; x_wconf 88' lang='lat' dir='ltr'><strong>manus,</strong></span> 
     </span>
    </p>
   </div>
   <div class='ocr_carea' id='block_1_6' title="bbox 549 3737 1245 3808">
    <p class='ocr_par' dir='ltr' id='par_1_7' title="bbox 549 3737 1245 3808">
     <span class='ocr_line' id='line_1_33' title="bbox 549 3737 1245 3808; baseline -0.003 -13"><span class='ocrx_word' id='word_1_278' title='bbox 549 3739 623 3796; x_wconf 87' lang='lat' dir='ltr'><strong>Dum</strong></span> <span class='ocrx_word' id='word_1_279' title='bbox 644 3755 733 3808; x_wconf 82' lang='lat' dir='ltr'><strong>vagus</strong></span> <span class='ocrx_word' id='word_1_280' title='bbox 755 3739 786 3794; x_wconf 85' lang='lat' dir='ltr'><strong>in</strong></span> <span class='ocrx_word' id='word_1_281' title='bbox 807 3739 872 3794; x_wconf 88' lang='lat' dir='ltr'><strong>orbe</strong></span> <span class='ocrx_word' id='word_1_282' title='bbox 895 3737 983 3793; x_wconf 83' lang='lat' dir='ltr'><strong>fertur</strong></span> <span class='ocrx_word' id='word_1_283' title='bbox 1005 3740 1033 3793; x_wconf 89' lang='lat' dir='ltr'><strong>et</strong></span> <span class='ocrx_word' id='word_1_284' title='bbox 1055 3737 1147 3792; x_wconf 83' lang='lat' dir='ltr'><strong>victus</strong></span> <span class='ocrx_word' id='word_1_285' title='bbox 1168 3753 1245 3793; x_wconf 91' lang='lat' dir='ltr'><strong>mero</strong></span> 
     </span>
    </p>
   </div>
   <div class='ocr_carea' id='block_1_7' title="bbox 551 3823 1312 3966">
    <p class='ocr_par' dir='ltr' id='par_1_8' title="bbox 551 3823 1312 3966">
     <span class='ocr_line' id='line_1_34' title="bbox 551 3823 1300 3965; baseline -0.008 -83"><span class='ocrx_word' id='word_1_286' title='bbox 551 3825 639 3882; x_wconf 80' lang='lat' dir='ltr'><strong>Tenet</strong></span> <span class='ocrx_word' id='word_1_287' title='bbox 661 3825 746 3882; x_wconf 83' lang='lat' dir='ltr'><strong>feroci</strong></span> <span class='ocrx_word' id='word_1_288' title='bbox 768 3826 875 3897; x_wconf 82' lang='lat' dir='ltr'><strong>lydiam</strong></span> <span class='ocrx_word' id='word_1_289' title='bbox 898 3823 1004 3896; x_wconf 59' lang='lat' dir='ltr'><strong>mersio</strong></span> <span class='ocrx_word' id='word_1_290' title='bbox 1026 3842 1136 3878; x_wconf 82' lang='lat' dir='ltr'><strong>nurum.</strong></span> <span class='ocrx_word' id='word_1_291' title='bbox 1284 3909 1300 3965; x_wconf 80' lang='lat'><strong>6</strong></span> 
     </span>
     <span class='ocr_line' id='line_1_35' title="bbox 1101 3911 1312 3966; baseline -0.009 0"><span class='ocrx_word' id='word_1_292' title='bbox 1101 3930 1128 3966; x_wconf 83' lang='lat' dir='ltr'><strong>r.</strong></span> <span class='ocrx_word' id='word_1_293' title='bbox 1154 3911 1278 3966; x_wconf 71' lang='lat' dir='ltr'><strong>cut-7</strong></span> <span class='ocrx_word' id='word_1_294' title='bbox 1306 3950 1312 3964; x_wconf 93' lang='lat'>.</span> 
     </span>
    </p>
   </div>
   <div class='ocr_carea' id='block_1_8' title="bbox 306 4029 1567 4422">
    <p class='ocr_par' dir='ltr' id='par_1_9' title="bbox 306 4029 1567 4422">
     <span class='ocr_line' id='line_1_36' title="bbox 306 4029 1567 4116; baseline -0.003 -18"><span class='ocrx_word' id='word_1_295' title='bbox 306 4033 402 4098; x_wconf 89' lang='lat' dir='ltr'><strong>Missa</strong></span> <span class='ocrx_word' id='word_1_296' title='bbox 426 4032 506 4114; x_wconf 87' lang='lat' dir='ltr'><strong>pella</strong></span> <span class='ocrx_word' id='word_1_297' title='bbox 528 4033 671 4114; x_wconf 88' lang='lat' dir='ltr'><strong>pestifera</strong></span> <span class='ocrx_word' id='word_1_298' title='bbox 693 4033 803 4096; x_wconf 90' lang='lat' dir='ltr'><strong>Nessei</strong></span> <span class='ocrx_word' id='word_1_299' title='bbox 825 4031 979 4116; x_wconf 83' lang='lat' dir='ltr'><strong>sanguinis</strong></span> <span class='ocrx_word' id='word_1_300' title='bbox 1002 4032 1047 4094; x_wconf 86' lang='lat' dir='ltr'><strong>vis</strong></span> <span class='ocrx_word' id='word_1_301' title='bbox 1070 4033 1175 4095; x_wconf 91' lang='lat' dir='ltr'><strong>eodem</strong></span> <span class='ocrx_word' id='word_1_302' title='bbox 1198 4051 1255 4115; x_wconf 94' lang='lat' dir='ltr'><strong>quo</strong></span> <span class='ocrx_word' id='word_1_303' title='bbox 1276 4031 1357 4114; x_wconf 86' lang='lat' dir='ltr'><strong>apud</strong></span> <span class='ocrx_word' id='word_1_304' title='bbox 1386 4029 1567 4112; x_wconf 86' lang='lat' dir='ltr'><strong>Sophoclem</strong></span> 
     </span>
     <span class='ocr_line' id='line_1_37' title="bbox 307 4131 1567 4218; baseline -0.005 -19"><span class='ocrx_word' id='word_1_305' title='bbox 307 4145 395 4218; x_wconf 87' lang='lat' dir='ltr'><strong>pacto</strong></span> <span class='ocrx_word' id='word_1_306' title='bbox 419 4135 660 4216; x_wconf 88' lang='lat' dir='ltr'><strong>deprehenditur.</strong></span> <span class='ocrx_word' id='word_1_307' title='bbox 703 4133 772 4197; x_wconf 91' lang='lat' dir='ltr'><strong>Non</strong></span> <span class='ocrx_word' id='word_1_308' title='bbox 794 4135 923 4198; x_wconf 87' lang='lat' dir='ltr'><strong>alienum</strong></span> <span class='ocrx_word' id='word_1_309' title='bbox 947 4133 1003 4196; x_wconf 89' lang='lat' dir='ltr'><strong>erit</strong></span> <span class='ocrx_word' id='word_1_310' title='bbox 1024 4134 1279 4208; x_wconf 87' lang='lat' dir='ltr'><strong>animadvertere,</strong></span> <span class='ocrx_word' id='word_1_311' title='bbox 1300 4152 1390 4214; x_wconf 89' lang='lat' dir='ltr'><strong>qnam</strong></span> <span class='ocrx_word' id='word_1_312' title='bbox 1413 4131 1567 4194; x_wconf 89' lang='lat' dir='ltr'><strong>dissimili-</strong></span> 
     </span>
     <span class='ocr_line' id='line_1_38' title="bbox 306 4233 1565 4320; baseline -0.003 -20"><span class='ocrx_word' id='word_1_313' title='bbox 306 4247 353 4300; x_wconf 89' lang='lat' dir='ltr'><strong>ter</strong></span> <span class='ocrx_word' id='word_1_314' title='bbox 373 4235 421 4298; x_wconf 93' lang='lat' dir='ltr'><strong>hic</strong></span> <span class='ocrx_word' id='word_1_315' title='bbox 443 4255 504 4298; x_wconf 90' lang='lat' dir='ltr'><strong>una</strong></span> <span class='ocrx_word' id='word_1_316' title='bbox 526 4237 689 4320; x_wconf 87' lang='lat' dir='ltr'><strong>eademque</strong></span> <span class='ocrx_word' id='word_1_317' title='bbox 712 4255 759 4298; x_wconf 92' lang='lat' dir='ltr'><strong>res</strong></span> <span class='ocrx_word' id='word_1_318' title='bbox 783 4257 802 4298; x_wconf 90' lang='lat' dir='ltr'><strong>a</strong></span> <span class='ocrx_word' id='word_1_319' title='bbox 824 4235 972 4318; x_wconf 88' lang='lat' dir='ltr'><strong>Sophocle</strong></span> <span class='ocrx_word' id='word_1_320' title='bbox 994 4244 1025 4296; x_wconf 91' lang='lat' dir='ltr'><strong>et</strong></span> <span class='ocrx_word' id='word_1_321' title='bbox 1047 4235 1085 4297; x_wconf 89' lang='lat' dir='ltr'><strong>ab</strong></span> <span class='ocrx_word' id='word_1_322' title='bbox 1107 4235 1167 4298; x_wconf 92' lang='lat' dir='ltr'><strong>hoc</strong></span> <span class='ocrx_word' id='word_1_323' title='bbox 1192 4237 1345 4298; x_wconf 88' lang='lat' dir='ltr'><strong>eil&#39;eratur.</strong></span> <span class='ocrx_word' id='word_1_324' title='bbox 1379 4234 1462 4296; x_wconf 91' lang='lat' dir='ltr'><strong>Nam</strong></span> <span class='ocrx_word' id='word_1_325' title='bbox 1488 4233 1565 4316; x_wconf 90' lang='lat' dir='ltr'><strong>quod</strong></span> 
     </span>
     <span class='ocr_line' id='line_1_39' title="bbox 308 4334 1455 4422; baseline -0.001 -21"><span class='ocrx_word' id='word_1_326' title='bbox 308 4337 472 4422; x_wconf 88' lang='lat' dir='ltr'><strong>Sophocles</strong></span> <span class='ocrx_word' id='word_1_327' title='bbox 494 4337 532 4400; x_wconf 93' lang='lat' dir='ltr'><strong>de</strong></span> <span class='ocrx_word' id='word_1_328' title='bbox 553 4336 641 4412; x_wconf 86' lang='lat' dir='ltr'><strong>lana,</strong></span> <span class='ocrx_word' id='word_1_329' title='bbox 662 4357 728 4420; x_wconf 88' lang='lat' dir='ltr'><strong>quae</strong></span> <span class='ocrx_word' id='word_1_330' title='bbox 749 4338 894 4420; x_wconf 85' lang='lat' dir='ltr'><strong>sanguine</strong></span> <span class='ocrx_word' id='word_1_331' title='bbox 916 4337 1034 4400; x_wconf 88' lang='lat' dir='ltr'><strong>imbuta</strong></span> <span class='ocrx_word' id='word_1_332' title='bbox 1055 4335 1252 4412; x_wconf 86' lang='lat' dir='ltr'><strong>consumitur,</strong></span> <span class='ocrx_word' id='word_1_333' title='bbox 1273 4335 1318 4400; x_wconf 89' lang='lat' dir='ltr'><strong>ita</strong></span> <span class='ocrx_word' id='word_1_334' title='bbox 1338 4334 1455 4420; x_wconf 87' lang='lat' dir='ltr'><strong>posuit:</strong></span> 
     </span>
    </p>
   </div>
   <div class='ocr_carea' id='block_1_9' title="bbox 549 4467 1276 4660">
    <p class='ocr_par' dir='ltr' id='par_1_10' title="bbox 549 4467 1276 4660">
     <span class='ocr_line' id='line_1_40' title="bbox 904 4467 1194 4555; baseline 0 -19"><span class='ocrx_word' id='word_1_335' title='bbox 904 4469 939 4536; x_wconf 65' lang='grc' dir='ltr'><strong>ἐκ</strong></span> <span class='ocrx_word' id='word_1_336' title='bbox 959 4468 996 4534; x_wconf 79' lang='grc' dir='ltr'><strong>δὲ</strong></span> <span class='ocrx_word' id='word_1_337' title='bbox 1015 4470 1087 4555; x_wconf 58' lang='lat' dir='ltr'><strong>rit,</strong></span> <span class='ocrx_word' id='word_1_338' title='bbox 1109 4467 1194 4536; x_wconf 76' lang='grc' dir='ltr'><strong>ὅθεν</strong></span> 
     </span>
     <span class='ocr_line' id='line_1_41' title="bbox 549 4567 1276 4660; baseline -0.004 -22"><span class='ocrx_word' id='word_1_339' title='bbox 549 4568 718 4660; x_wconf 73' lang='lat' dir='ltr'><strong>mpodaeee&#39;,</strong></span> <span class='ocrx_word' id='word_1_340' title='bbox 741 4567 913 4648; x_wconf 69' lang='lat' dir='ltr'><strong>decliuem</strong></span> <span class='ocrx_word' id='word_1_341' title='bbox 932 4571 1137 4660; x_wconf 75' lang='grc' dir='ltr'><strong><em>θρομβώδεις</em></strong></span> <span class='ocrx_word' id='word_1_342' title='bbox 1158 4567 1276 4660; x_wconf 74' lang='grc' dir='ltr'><em>ἄφροί,</em></span> 
     </span>
    </p>
   </div>
   <div class='ocr_carea' id='block_1_10' title="bbox 0 0 1766 5404">
    <p class='ocr_par' dir='ltr' id='par_1_11' title="bbox 0 0 1766 5404">
     <span class='ocr_line' id='line_1_42' title="bbox 0 0 1766 5404; baseline 0 0"><span class='ocrx_word' id='word_1_343' title='bbox 0 0 1766 5404; x_wconf 95' lang='lat' dir='ltr'><strong> </strong></span> 
     </span>
    </p>
   </div>
  </div>
 </body>
</html>
