3554 5406
341 517 380 576 46
832 517 862 574 O.
886 517 917 573 u.
940 517 1111 576 Sandstrdm.

341 691 387 755 hil
421 697 478 754 aut
506 697 589 755 certe
612 710 675 754 uon
697 690 829 753 multum
850 692 1008 773 pugnabo:
1039 692 1119 756 satis
1141 691 1275 770 habebo,
1297 694 1325 756 si
1347 692 1603 775 reprehendendi

341 793 445 856 studio
469 792 596 867 omisso,
619 793 693 875 quid
715 792 995 874 praestantissimus
1017 805 1113 875 poeta
1127 795 1263 859 voluerit
1281 803 1377 878 atque
1392 795 1602 878 spectaverit,

340 913 398 976 pro
420 893 505 956 virili
529 901 620 976 parte
643 893 818 974 intelligere
841 913 877 957 ac
899 895 1015 958 sentire
1037 903 1178 978 potuero.
1265 963 1268 971 ¹

422 996 472 1059 Ac
493 996 629 1077 primum
653 995 733 1058 illud
756 997 928 1070 carendum
951 1005 1068 1070 estne
1091 996 1160 1078 quis
1183 998 1264 1059 forte
1286 995 1395 1060 credat
1417 1016 1524 1060 amore
1545 997 1601 1061 in-

340 1097 534 1160 flammatam
559 1097 608 1159 hic
630 1097 770 1180 aliquam
792 1097 900 1158 induci
929 1097 1098 1172 mulierem,
1121 1098 1243 1178 qualem
1265 1096 1296 1159 iu
1318 1097 1489 1162 Heroidum
1514 1099 1598 1162 libro

341 1198 486 1261 Medeam
509 1199 664 1278 expressit
687 1197 832 1271 Ovidius,
856 1205 910 1262 ant
932 1218 1000 1279 quae
1015 1198 1245 1262 interemorem
1262 1199 1413 1262 etodium
1431 1200 1599 1274 distracta,

340 1301 420 1380 quod
454 1299 631 1373 committit,
653 1299 759 1362 subita
781 1308 814 1362 et
835 1300 1012 1362 inconsulta
1034 1301 1274 1381 perturbatione
1296 1300 1389 1381 lapsa
1410 1301 1598 1364 committat.

339 1401 447 1482 Longe
480 1400 545 1464 alia
577 1401 669 1480 hujus
697 1400 817 1462 Medeae
839 1400 921 1463 ratio
946 1408 994 1462 est
1016 1400 1169 1482 longeque
1192 1401 1318 1464 diversa
1339 1408 1464 1464 natura.
1507 1403 1598 1465 Nus-

340 1521 432 1584 quam
466 1501 547 1564 banc
579 1509 645 1576 ant,
679 1502 761 1582 quod
783 1521 823 1564 ex
844 1521 951 1565 amore
974 1503 1115 1584 conjugis
1138 1502 1303 1576 exciderit,
1326 1509 1505 1584 querentem
1528 1511 1598 1578 aut,

339 1611 374 1666 ut
396 1602 531 1684 pristina
554 1603 744 1665 consuetudo
768 1613 945 1678 renovetur,
968 1611 1141 1683 optantem,
1164 1604 1275 1666 nedum
1289 1605 1530 1685 supplicantem,
1544 1604 1598 1666 vi-

340 1705 457 1767 demus.
501 1703 583 1768 Odio
618 1704 685 1766 haec
712 1704 812 1766 solum
836 1705 950 1784 flagrat
972 1713 1063 1786 atque
1088 1725 1123 1767 eo
1147 1705 1420 1768 constantissimo:
1443 1705 1594 1786 injuriam

339 1805 401 1868 sibi
424 1825 491 1867 esse
514 1805 645 1879 illatam,
668 1805 822 1867 desertam
845 1825 879 1868 se
901 1823 969 1868 esse
992 1826 1011 1868 a
1033 1806 1101 1868 viso
1125 1814 1157 1868 et
1177 1805 1347 1888 proditam,
1367 1805 1503 1869 inimicis
1518 1825 1597 1869 cou-

339 1906 473 1988 temptui
507 1914 538 1970 et
572 1906 708 1968 ludibrio
741 1907 819 1981 fore,
848 1906 881 1968 id
914 1925 1007 1970 uuum
1033 1907 1153 1988 cogitat
1173 1914 1205 1969 et
1226 1907 1323 1970 sentit
1344 1914 1377 1970 et
1398 1907 1430 1970 in
1452 1906 1513 1970 hae
1534 1927 1598 1970 nna

338 2027 371 2070 re
406 2027 512 2070 omnes
546 2007 756 2089 cogitationes
788 2027 955 2090 omnesque
978 2027 1069 2071 curas
1092 2009 1209 2070 defixas
1233 2008 1339 2084 habet,
1361 2016 1396 2072 ut
1417 2009 1457 2070 ab
1479 2009 1596 2071 Iasone

340 2127 434 2190 quam
468 2108 701 2172 acerbissimum
735 2108 1016 2190 gravissimumque
1039 2109 1226 2190 supplicium
1250 2116 1363 2172 sumat.
1406 2109 1516 2172 Habet
1536 2109 1597 2172 hoc

340 2211 446 2273 odium
480 2209 601 2292 aliquid
636 2211 744 2282 altum,
768 2210 888 2291 aliquid
911 2211 1118 2290 magnificum,
1140 2209 1262 2291 aliquid
1284 2229 1323 2272 ex
1345 2209 1514 2273 honestate
1536 2211 1597 2273 ad·

340 2312 490 2387 mixtum3
524 2305 624 2394 nequ'e
658 2312 738 2374 enim
766 2312 909 2373 Iasonem
935 2313 1035 2392 magis
1064 2330 1157 2394 qnam
1178 2330 1281 2374 mores
1304 2311 1371 2392 ejus
1394 2311 1595 2392 turpissimos

339 2413 407 2476 odit
439 2432 537 2494 neque
570 2412 631 2474 sibi
664 2413 786 2475 illatam
810 2413 959 2493 injuriam
983 2413 1112 2494 gravius
1134 2431 1227 2493 quam
1247 2413 1300 2493 jus
1321 2414 1424 2494 ipsum
1447 2420 1479 2475 et
1500 2413 1595 2476 fidem

340 2512 492 2575 violatam
517 2514 611 2576 dolet.
649 2512 742 2585 Quod
765 2514 871 2576 odium
896 2522 930 2575 ut
951 2515 1036 2595 apud
1058 2521 1183 2576 nostros
1206 2512 1350 2576 homines
1373 2514 1498 2576 minime
1519 2533 1596 2596 pro-

338 2615 441 2690 batur,
474 2615 520 2678 sic
552 2615 636 2696 apud
668 2623 793 2678 veteres
815 2615 904 2696 longe
928 2616 1022 2678 aliter
1044 2615 1082 2677 de
1105 2633 1141 2676 eo
1164 2614 1382 2678 existimatum
1405 2615 1502 2678 fuisse
1525 2615 1596 2697 quis

338 2715 459 2778 nescit?
502 2717 599 2797 Apud
623 2736 699 2798 quos
723 2716 831 2779 ulcisci
854 2735 934 2791 enm,
957 2737 975 2779 a
998 2735 1059 2799 qno
1082 2717 1176 2779 laesus
1199 2716 1252 2792 eie,
1274 2735 1334 2780 uon
1357 2716 1434 2778 mali
1457 2715 1595 2780 hominis

338 2825 371 2879 et
403 2817 543 2898 perversi
574 2817 758 2898 potabatur,
791 2817 845 2880 sed
879 2817 940 2880 viri
974 2819 1068 2882 fortis
1091 2837 1128 2880 ac
1150 2817 1277 2881 streuui.
1321 2818 1456 2882 Accedit
1477 2827 1595 2894 eutem,

339 2937 399 3000 qno
430 2917 565 2998 justiore
599 2919 671 2980 odio
694 2917 809 2982 Medea
831 2928 988 2982 commota
1010 2920 1167 2990 videatur,
1190 2937 1311 2981 summa
1331 2918 1365 2982 in
1386 2920 1503 2982 Iasone
1525 2938 1597 2982 mo-

339 3038 406 3082 rum
442 3019 604 3099 turpitudo
631 3027 663 3082 et
684 3020 836 3101 pravitas.
879 3020 969 3083 Nihil
992 3020 1052 3083 hoc
1073 3021 1184 3082 Iasone
1206 3019 1425 3101 contemptius,
1446 3019 1526 3083 nibil
1547 3020 1597 3082 le·

338 3120 419 3195 vius,
451 3120 529 3183 nihil
563 3121 719 3183 odiosius:
754 3121 808 3202 qui
840 3128 1005 3203 postquam
1036 3140 1116 3196 eam,
1140 3121 1228 3202 cujus
1251 3141 1359 3184 amore
1382 3141 1422 3184 ex
1444 3120 1595 3184 maximis

337 3223 486 3303 periculis
523 3230 606 3286 esset
638 3231 775 3304 ereptus,
808 3221 895 3283 nullo
925 3223 1041 3305 jurgio,
1075 3223 1162 3286 nulla
1191 3222 1386 3286 dissensione
1409 3229 1594 3299 commotus,

336 3325 554 3387 tautummodo
578 3325 662 3406 quod
685 3324 731 3386 ita
755 3323 856 3404 magis
879 3345 895 3386 e
918 3343 951 3385 re
974 3325 1151 3398 videbatur,
1173 3323 1220 3386 sio
1240 3342 1361 3387 summa
1382 3323 1480 3386 animi
1502 3330 1595 3386 tran-

338 3427 495 3508 quillitate
519 3427 613 3506 ejecit
636 3433 667 3488 et
689 3425 881 3500 exturbavit,
900 3425 966 3504 jam
988 3446 1045 3508 per
1068 3445 1101 3486 se
1124 3427 1227 3506 ipsum
1242 3425 1459 3508 turpissimum
1475 3426 1592 3487 facturn

337 3547 376 3589 ea
397 3527 594 3609 impudentia
616 3528 762 3600 cumulat,
784 3537 818 3590 nt
841 3534 872 3590 et
894 3527 1046 3590 beneficia
1068 3526 1273 3608 exprobranti
1298 3545 1359 3588 non
1380 3526 1427 3589 illi
1442 3545 1522 3602 sese,
1537 3527 1594 3589 sed

336 3629 455 3691 Veneri
487 3629 621 3690 salutem
654 3628 768 3691 debere
791 3630 981 3710 respondeat
1010 3635 1052 3703 et,
1075 3647 1166 3709 quum
1187 3628 1245 3689 illa
1267 3627 1478 3690 miserabilem
1501 3645 1592 3690 suam

337 3737 370 3792 et
402 3730 562 3792 adflictam
597 3729 813 3792 condicionem
848 3730 1001 3811 deplorat,
1035 3749 1096 3792 non
1119 3747 1208 3790 suam
1231 3729 1407 3809 perfidiam,
1430 3729 1486 3792 sed
1507 3728 1592 3792 illius

336 3831 507 3893 stultitiam
541 3838 668 3894 accuset
700 3833 743 3905 et‚'
774 3839 934 3912 tamquam
969 3831 1078 3893 omnia
1099 3828 1146 3892 illi
1170 3829 1289 3910 optime
1312 3829 1592 3912 amantissimeque

335 3931 522 4014 providerit,
545 3933 628 3995 ultro
651 3932 747 3994 etiam
771 3933 907 4013 gratiam
930 3933 992 3995 sibi
1014 3932 1102 3994 illam
1125 3931 1242 3994 habere
1265 3939 1410 4012 oportere
1433 3931 1592 3994 defendat.

336 4034 408 4097 Non
442 4041 547 4095 tamen
582 4033 673 4096 nimis
706 4033 803 4096 durus
835 4033 888 4095 ille
922 4033 1046 4115 quidem
1081 4041 1134 4095 eut
1160 4031 1253 4114 plane
1276 4033 1396 4096 ferreus
1417 4032 1592 4108 inducitur;

335 4135 428 4198 immo
452 4152 536 4208 vero,
559 4141 594 4198 ut
616 4142 721 4196 cetera
743 4135 928 4209 animantia,
951 4153 989 4196 ea
1013 4153 1082 4217 quae
1104 4142 1362 4215 procreaverunt,
1385 4151 1492 4196 amore
1515 4152 1594 4216 quo-

337 4237 408 4299 dam
441 4245 683 4318 prosequuntur,
716 4235 762 4312 sic
785 4236 874 4316 hujus
898 4254 1020 4318 quoque
1044 4235 1194 4298 nonnulla
1216 4253 1291 4316 erga
1312 4236 1430 4298 liberos
1453 4234 1593 4298 cernitur

336 4337 469 4412 caritas3
502 4344 596 4419 atque
630 4336 726 4398 etiam
749 4337 949 4400 vehementer
971 4355 1004 4399 ee
1028 4345 1114 4400 amat
1135 4345 1168 4398 et
1190 4336 1402 4416 amplectitur,
1424 4335 1516 4419 quod,
1538 4354 1592 4399 cu-

332 4439 385 4521 jus
418 4457 541 4501 omnem
574 4457 674 4519 spem,
707 4438 812 4500 omnia
844 4438 917 4500 vitae
950 4437 1083 4500 consilia
1110 4437 1310 4519 perverterit,
1333 4456 1401 4499 eam
1422 4437 1591 4500 tamenab

335 4547 477 4622 egestate
500 4547 532 4602 et
553 4540 635 4602 fame
658 4539 888 4619 prohibiturum
911 4557 944 4602 se
968 4559 1036 4602 esse
1058 4547 1201 4602 testetur.
1241 4539 1346 4602 Video
1370 4557 1449 4614 esse,
1471 4538 1525 4622 qui
1541 4557 1592 4600 re·

334 4642 531 4724 prehendant
552 4640 747 4721 Euripidem,
770 4642 851 4722 qnod
873 4641 955 4703 tales
978 4640 1137 4704 effinxerit
1159 4640 1283 4703 Iasonis
1306 4659 1422 4702 mores:
1447 4639 1590 4721 equidem

334 4763 433 4826 neque
466 4742 548 4806 unde
581 4741 699 4806 exoriri
732 4741 835 4824 possit
864 4742 968 4805 odium
992 4749 1126 4817 tantum,
1148 4749 1263 4824 quanto
1286 4741 1432 4806 Medeam
1453 4741 1592 4824 flagran-
