3554 5406
805 503 835 562 0.
858 505 891 560 E.
914 501 1087 560 Sandstrbm.

913 675 973 734 Nec
994 675 1084 749 gradu
1105 677 1184 749 segni
1204 693 1274 747 puer

560 763 605 820 Ad
626 762 688 819 alta
708 761 803 836 pergit
823 763 943 820 moenia.
987 764 1026 820 Ut
1048 781 1156 820 summa
1177 764 1257 820 stetit

560 851 615 906 Pro
635 852 722 917 turre,
744 849 839 906 vultus
859 850 915 906 huc
937 855 966 908 et
987 850 1043 906 huc
1065 868 1142 908 acres
1162 850 1244 908 tulit:

562 937 721 1007 Intrepidus
742 938 836 992 animo
857 938 949 1006 qualis
970 937 1092 1010 ingentis
1113 937 1178 994 fera

562 1025 669 1079 Parvus
690 1026 824 1094 tenerque
846 1023 919 1080 fetus
941 1028 970 1082 et
991 1025 1114 1081 nondum
1135 1027 1236 1095 petens

563 1111 664 1166 Saevire
686 1110 770 1166 dente
788 1111 849 1182 jam
870 1112 968 1166 tamen
988 1111 1067 1168 tellit
1088 1111 1177 1167 minem

562 1198 724 1268 Morsusque
744 1198 841 1252 inanes
862 1200 987 1268 temptat
1008 1202 1093 1268 atque
1115 1198 1216 1254 animis
1237 1200 1336 1255 tumet.

562 1285 608 1340 Sic
629 1285 678 1340 ille
699 1286 800 1342 dextra
820 1301 936 1359 prensus
957 1285 1055 1342 hostili
1077 1303 1155 1356 puer.
1194 1323 1198 1330 ι

563 1372 652 1428 Ferox
673 1389 790 1442 superne
811 1374 938 1428 moverat
960 1373 1077 1444 vulgum
1097 1390 1131 1428 ae
1146 1373 1229 1428 duces

563 1459 712 1530 Ipsumque
733 1458 844 1515 Ulixen.
887 1460 953 1515 Non
975 1460 1024 1516 flet
1045 1477 1060 1515 e
1082 1461 1167 1517 turba
1188 1460 1313 1517 omnium

564 1546 617 1612 Qui
638 1547 721 1601 fletur
743 1563 776 1601 ae
798 1546 865 1600 dum
886 1547 974 1602 verba
995 1546 1105 1602 fatidici
1126 1549 1156 1602 et
1177 1565 1273 1618 preces

565 1632 694 1703 Concipit
715 1632 811 1687 Ulixes
832 1633 906 1689 ratis
928 1634 957 1689 et
979 1650 1065 1689 savos
1086 1634 1143 1690 ciet

565 1720 609 1775 Ad
631 1736 710 1774 sacra
731 1736 857 1791 superes:
881 1721 981 1790 sponte
1003 1719 1116 1777 desiluit
1137 1736 1187 1776 sua

565 1807 599 1862 In
621 1807 713 1864 media
736 1806 844 1862 Priami
863 1823 961 1879 regna.

1118 1913 1146 1950 v.
1172 1891 1351 1949 1100-13.

325 2013 425 2086 Quem
458 2012 510 2076 hic
542 2018 670 2076 moveat
701 2012 792 2076 lercx
821 2021 854 2078 et
874 2015 967 2096 plane
990 2014 1110 2078 stoicos
1132 2015 1233 2096 puer?
1275 2013 1373 2095 Fugit
1393 2021 1518 2096 poetam
1540 2014 1583 2076 ad

326 2114 475 2178 lacrimas
509 2113 683 2176 movendas
716 2121 843 2178 aetscem
869 2115 956 2179 illam
979 2135 1048 2179 esse
1069 2115 1354 2180 accommodatam:
1378 2116 1419 2178 ad
1441 2115 1584 2178 admira-

326 2216 446 2279 tionem
480 2234 555 2278 vero
590 2213 791 2278 excitandam
823 2236 885 2280 non
909 2216 985 2281 item
1007 2217 1165 2281 idoneam.
1208 2217 1292 2280 Nam
1315 2222 1351 2278 ut
1373 2216 1498 2280 omnino
1521 2235 1584 2280 non

328 2337 434 2380 omnes
468 2316 581 2379 decent
614 2315 737 2392 omnia,
769 2315 818 2380 ita
849 2338 888 2380 ne
910 2317 1046 2381 virtutes
1069 2317 1191 2399 quidem
1215 2335 1321 2380 omnes
1343 2324 1421 2380 atas
1444 2317 1587 2381 admittit

328 2419 428 2481 omnis
468 2426 578 2500 estque
613 2417 711 2480 animi
744 2417 872 2481 habitur
906 2419 1033 2500 quidam
1056 2419 1210 2482 excelsior
1232 2425 1264 2480 et
1284 2418 1412 2494 firmior,
1435 2437 1528 2501 qnam
1551 2425 1586 2482 ut

327 2520 360 2582 in
395 2519 562 2601 primorum
597 2537 747 2582 annorum
783 2519 1000 2582 imbecillitate
1033 2519 1127 2582 facile
1154 2519 1258 2602 possit
1280 2519 1443 2583 exsistere.
1497 2519 1585 2584 Satis

328 2641 470 2704 magnum
493 2621 526 2684 in
548 2639 642 2702 puero
666 2619 751 2684 illius
774 2620 891 2697 atatis,
914 2621 989 2684 licet
1010 2620 1154 2703 quamvis
1177 2617 1265 2684 boriae
1288 2620 1385 2685 fuerit
1406 2619 1533 2696 indolis,
1555 2619 1584 2684 si

328 2723 435 2806 quieto
468 2723 572 2786 auimo
606 2730 739 2784 mortem
771 2721 906 2798 tulisset,
939 2721 967 2785 si
995 2721 1082 2786 uuila
1112 2721 1179 2803 ejus
1203 2721 1381 2786 exstitisset
1401 2722 1586 2804 trepidatio,

328 2824 415 2888 nulla
446 2844 543 2907 usque
576 2823 617 2886 ad
649 2823 781 2904 ignavas
814 2843 923 2906 preces
946 2823 1083 2887 demissa
1105 2822 1277 2898 humilitas,
1299 2823 1327 2884 si
1349 2823 1586 2905 suppeditasset

329 2927 450 2990 animus
473 2927 515 2988 ad
537 2933 678 2988 extreme
700 2924 849 2989 iliacum
873 2933 984 3001 matrs,
1007 2944 1073 2988 cum
1087 2924 1337 3007 avialcquenda,
1352 2927 1379 2987 si
1395 2924 1487 3000 nihil,
1502 2926 1586 3007 quod

329 3028 371 3090 ad
403 3027 554 3108 pietatem
591 3045 666 3108 erga
697 3019 770 3089 illas
803 3027 1042 3108 significandam
1074 3025 1257 3107 pertineret,
1284 3044 1348 3108 pra
1370 3032 1453 3089 metu
1476 3027 1586 3089 mortis

329 3128 505 3191 omisisset:
527 3127 590 3190 ista
612 3146 687 3191 vero
709 3127 900 3208 gladiatoria
921 3127 1054 3191 firmitas
1077 3135 1139 3190 non
1164 3126 1362 3208 expectantis
1377 3128 1586 3202 morrsmsed

331 3228 535 3310 provocantis
569 3248 667 3311 oeque
690 3228 816 3292 fortiter
840 3236 963 3292 tantum
986 3227 1183 3310 perferentis,
1206 3229 1260 3291 sed
1284 3228 1497 3309 amplexantis
1519 3247 1586 3292 cum

329 3331 434 3394 studio
467 3331 499 3394 in
532 3329 641 3394 adulta
673 3337 766 3394 aetate
799 3349 837 3393 ac
870 3330 956 3393 virili
989 3330 1101 3393 robore
1137 3329 1377 3394 admirationem
1411 3330 1518 3404 habet,
1551 3331 1585 3392 in

331 3431 390 3496 hac
412 3450 487 3495 vero
510 3438 620 3496 tenera
641 3451 679 3494 ac
701 3431 758 3494 vix
780 3430 960 3495 rudimenta
981 3430 1137 3495 virtutum
1160 3430 1304 3512 capiente
1326 3450 1387 3494 non
1410 3431 1514 3494 fidem.

414 3568 522 3631 Pauca
553 3567 594 3628 ad
620 3565 701 3629 hanc
721 3565 937 3630 narrationem
959 3565 1185 3630 Andromacha
1208 3572 1330 3648 etqua
1352 3565 1424 3649 plus
1446 3565 1588 3648 indigui-

332 3667 411 3731 tatis
434 3667 575 3730 habeant
597 3685 689 3750 quem
711 3668 862 3730 maeroris.
896 3667 1029 3733 Omnino
1052 3686 1113 3731 non
1136 3666 1588 3731 esteademnuucAndroma-

332 3770 389 3832 che
422 3777 515 3851 atque
548 3769 580 3832 in
602 3768 757 3850 proximis
781 3774 868 3832 erat:
891 3769 1082 3832 exstinctum
1106 3776 1155 3832 est
1175 3767 1253 3831 illud
1274 3768 1460 3850 praclarum
1484 3769 1588 3850 pieta·

332 3871 374 3934 tis
397 3877 429 3934 ot
461 3869 577 3933 amoris
609 3869 808 3946 incendium3
842 3870 1027 3934 obduruisse
1061 3889 1130 3933 eam
1163 3876 1196 3932 et
1222 3869 1315 3952 plane
1337 3869 1439 3950 rigere
1461 3877 1589 3952 propter

333 3970 485 4036 malornm
508 3970 738 4035 multitudinem
762 3971 860 4034 dicas.
893 3971 1035 4035 Tametsi
1057 3971 1134 4035 felix
1155 3972 1308 4054 prolecto,
1330 3971 1358 4034 si
1381 3970 1506 4035 dolendi
1516 3991 1590 4035 sen-

332 4093 400 4138 snm
422 4073 540 4150 amisit,
562 4072 765 4156 predicanda
785 4073 850 4154 jam
871 4072 984 4136 mulier
1005 4079 1068 4149 est;
1100 4091 1197 4156 usque
1219 4072 1299 4136 adeo
1322 4091 1423 4155 neque
1446 4071 1590 4136 muliebri

332 4175 545 4240 imbecillitati
578 4194 677 4259 neque
700 4182 841 4238 materno
864 4174 966 4238 dolori
988 4193 1121 4256 parcens
1143 4173 1273 4238 nuntius
1295 4172 1466 4238 fedissima
1488 4171 1589 4238 collisi

334 4277 473 4361 corporis
494 4276 706 4360 descriptione
727 4295 820 4340 aures
843 4275 911 4358 eJ'ns
934 4283 1109 4359 oppugnat:

933 4412 1006 4479 Quos
1028 4410 1103 4468 enim
1124 4427 1247 4482 preceps
1268 4409 1346 4468 locus

574 4497 701 4569 Reliquit
722 4498 822 4580 artus?
866 4498 934 4555 Ossa
955 4498 1073 4570 disiecta
1094 4501 1123 4555 et
1144 4499 1226 4572 gravi

575 4585 652 4642 Elisa
673 4603 740 4642 casu
761 4586 843 4658 signa
864 4585 935 4642 clari
957 4586 1080 4657 corporis

576 4673 614 4729 Et
635 4689 685 4729 ora
706 4675 735 4730 et
756 4673 821 4729 illas
841 4673 945 4730 nobilis
965 4673 1056 4744 patris
1076 4674 1159 4728 notas

575 4759 706 4819 Gonindit
727 4760 815 4818 imam
835 4762 944 4834 pondus
965 4760 1002 4818 ad
1022 4763 1129 4818 terram
1149 4759 1257 4825 datum,
