3554 5406
314 487 353 544 62
444 539 457 552 ,
809 481 839 540 Ο.
863 484 895 540 E.
918 483 1090 542 Sandrtrdm

312 657 458 744 seperari
479 677 543 723 non
566 655 666 740 magis
689 654 807 740 possit,
828 673 923 740 quem
947 655 1038 722 labor
1059 675 1079 720 n
1101 655 1232 734 virtuts,
1245 675 1340 740 quern
1353 655 1574 736 stertitudine

314 760 466 846 pericula,
499 778 592 845 quern
624 778 646 820 a
677 757 780 842 gloria
812 755 944 840 deniqne
977 757 1115 841 disjungi
1137 766 1244 841 potest
1264 757 1396 826 invidie.
1437 761 1575 826 Exercet

314 871 419 926 autem
442 860 550 925 odium
571 859 652 924 illud
673 859 733 935 sic,
756 878 819 924 non
841 865 878 920 nt
899 857 1051 923 indictum
1073 859 1337 942 bellumgeretet
1350 868 1507 944 spartum,
1521 863 1575 928 sed

316 972 351 1028 nt
377 961 550 1026 insidiandi
571 980 696 1044 semper
719 959 901 1024 occasiones
923 959 1103 1042 speculetur
1125 960 1314 1045 assidueque
1336 961 1370 1026 in
1392 971 1482 1046 tergo
1505 964 1575 1046 sjm

313 1065 443 1140 haersns,
465 1061 613 1147 quioquid
636 1070 691 1126 ant
711 1061 841 1144 Jupiter
863 1060 1040 1125 conniverit
1060 1068 1118 1125 ent
1138 1061 1206 1145 ipse
1228 1083 1339 1145 perum
1360 1063 1494 1138 mverit,
1508 1071 1572 1132 tum

316 1187 357 1232 ex
390 1165 510 1230 occulto
543 1163 575 1228 iu
597 1164 742 1227 fortunas
765 1162 833 1244 ejus
856 1161 999 1226 invadat.
1050 1163 1155 1245 Hujus
1178 1163 1274 1246 igitur
1295 1163 1360 1228 odii
1383 1164 1501 1230 rationi
1524 1165 1575 1230 hio

312 1287 433 1352 quoque
455 1285 546 1330 cesus
568 1271 618 1328 est
639 1264 912 1340 accommodatum
935 1263 987 1346 qui
1010 1262 1051 1328 ab
1074 1264 1146 1346 lpse
1167 1284 1212 1342 re,
1234 1285 1303 1350 quae
1321 1263 1572 1347 egitur,slienns

314 1377 347 1432 et
379 1367 470 1451 quasi
504 1365 697 1430 extrinsecus
720 1365 836 1429 allatus
858 1383 920 1428 non
944 1363 1037 1428 debet
1059 1364 1171 1440 videri,
1193 1375 1364 1448 prepterea
1386 1368 1470 1450 qued
1490 1368 1574 1434 Her·

315 1469 392 1534 culis
425 1467 526 1552 ipsius
560 1465 711 1530 nascendi
744 1467 935 1550 vivendique
976 1465 1162 1530 condicione
1184 1467 1382 1532 continetur:
1404 1467 1576 1550 preparari

314 1577 420 1636 autem
453 1578 486 1632 et
518 1566 648 1652 praedici
681 1567 799 1632 idcirco
833 1587 894 1631 non
924 1566 1043 1644 debuit,
1064 1573 1101 1632 ut
1121 1567 1312 1632 retineretur
1333 1569 1477 1634 dolosum
1497 1569 1575 1636 illud

314 1680 348 1736 et
379 1669 586 1753 improvisum
620 1668 754 1734 Junouis
787 1668 819 1731 in
851 1667 1028 1732 inimicitiis
1051 1687 1120 1732 oum
1142 1670 1280 1734 Hercule
1302 1669 1460 1753 gerendis.
1503 1670 1573 1754 Age

311 1792 388 1837 vero
411 1771 439 1835 si
463 1771 564 1836 locum
585 1769 674 1833 illum
697 1789 717 1834 n
738 1767 842 1833 media
864 1775 956 1851 parte
984 1769 1156 1853 tragoedia
1177 1779 1272 1853 poete
1293 1770 1513 1836 transtulisset
1532 1771 1574 1836 ed

312 1873 460 1958 primam,
492 1871 520 1936 si
542 1873 697 1937 Junonem
721 1870 753 1934 in
777 1870 905 1955 prologo
928 1869 1067 1946 lecisset,
1089 1881 1123 1934 ut
1144 1871 1265 1936 Seneca
1286 1871 1371 1950 lecit,
1394 1871 1475 1937 irem
1497 1891 1576 1936 ero«

313 1983 461 2050 mentem,
497 1973 695 2056 detegentem
728 1971 870 2048 consilia,
903 1990 1006 2036 nonne
1028 1970 1183 2049 videmus,
1214 1993 1308 2056 quern
1341 1973 1443 2038 multe
1475 1993 1516 2040 ex
1537 1993 1575 2038 ee

314 2074 559 2142 commutatione
593 2080 625 2137 et
648 2093 739 2156 quem
761 2072 874 2156 gravia
896 2071 1015 2136 luerint
1037 2072 1236 2138 incommoda
1258 2073 1444 2140 nescitura?
1466 2109 1507 2122 -
1528 2074 1575 2140 At

313 2182 421 2242 essent
442 2195 511 2240 oum
534 2175 684 2238 extremis
706 2173 811 2256 prima
833 2173 1014 2254 conjuncta:
1037 2172 1180 2240 licuisset
1201 2175 1242 2238 ab
1264 2175 1355 2240 initio
1378 2176 1489 2240 stetim
1511 2195 1574 2244 une

314 2286 444 2362 aspectu
466 2284 566 2340 toturn
588 2285 805 2358 argumentum
828 2276 1103 2359 comprehendere.
1126 2312 1164 2324 -
1186 2275 1249 2340 Illa
1270 2296 1346 2341 vero
1369 2277 1486 2352 omnis,
1506 2297 1574 2362 ans

315 2389 387 2442 ante
421 2379 455 2442 id
487 2385 614 2460 tempus
647 2385 792 2459 aguntur,
814 2396 906 2460 quum
928 2376 1082 2441 Hercules
1104 2374 1229 2442 insania
1251 2377 1433 2460 corripitur,
1456 2397 1516 2461 quo
1538 2399 1576 2444 es

313 2480 443 2545 tsndem
466 2481 659 2544 referrentur
680 2485 736 2542 sut
758 2497 891 2561 quonam
921 2488 1013 2560 pacto
1037 2497 1104 2541 cum
1126 2477 1247 2562 reliquo
1270 2479 1395 2562 negotio
1417 2479 1573 2547 cohaerere

313 2581 517 2666 peteremus?
550 2579 635 2652 Quid
656 2579 871 2645 essetJunoni
895 2599 962 2642 cum
984 2579 1092 2663 Lyco?
1125 2577 1208 2652 Quid
1220 2579 1299 2663 Lyci
1311 2580 1451 2646 rationes
1462 2580 1504 2644 ad
1514 2582 1574 2647 Jo-

312 2683 404 2748 nonis
427 2682 533 2746 odium
556 2681 774 2764 pertinerent?
806 2679 858 2745 An
880 2679 1050 2762 instigatus
1072 2681 1113 2744 ab
1135 2680 1192 2744 illa
1205 2688 1238 2745 et
1251 2681 1574 2764 tamquamsuborne-

311 2794 363 2850 tus
385 2784 596 2859 induceretur,
618 2789 664 2858 ut,
687 2802 784 2866 quum
807 2781 887 2846 nihil
909 2782 1074 2858 effecisset,
1096 2781 1282 2848 interfectus
1301 2783 1477 2847 edceterae
1488 2784 1573 2848 Her-

311 2884 389 2950 culis
424 2884 534 2948 leudes
555 2883 741 2948 accederet?
785 2883 843 2948 Sin
866 2883 982 2961 minus,
1004 2883 1079 2969 quid
1102 2903 1139 2948 eo
1162 2891 1304 2968 tempore
1328 2883 1482 2948 attineret
1503 2903 1573 2948 cem

313 2987 494 3050 insonnem
517 2985 697 3068 procedere,
720 3003 782 3068 quo
805 2992 959 3068 tempore,
981 2985 1063 3068 quod
1085 2995 1205 3066 egeret,
1228 2984 1309 3048 nihil
1331 3003 1461 3068 prorsus
1473 2985 1573 3052 hebo·

312 3088 381 3152 ret?
423 3089 559 3152 Tantum
591 3085 693 3162 abest,
724 3095 760 3150 ut
791 3085 853 3150 hac
873 3087 1007 3162 ratione,
1029 3105 1097 3168 qua
1119 3105 1231 3169 parum
1253 3086 1337 3152 inter
1357 3105 1392 3152 se
1414 3087 1572 3152 coherere

312 3190 467 3264 dicuntur,
491 3186 778 3268 constringerentur
806 3187 916 3263 artius,
939 3197 974 3252 ut
994 3187 1057 3252 isto
1084 3187 1219 3270 denique
1241 3194 1335 3270 paeto
1358 3207 1399 3252 ex
1420 3207 1468 3264 eo,
1489 3189 1572 3274 quod

313 3311 406 3356 unum
440 3291 556 3366 luerat,
587 3287 713 3372 negotio
747 3289 806 3353 dno
839 3289 922 3354 inter
942 3307 1012 3354 sese
1035 3287 1252 3354 diversissime
1274 3288 1454 3354 existerent
1496 3291 1571 3355 Jam

310 3411 385 3457 vero
407 3391 435 3456 si
458 3394 499 3458 ab
521 3391 625 3466 initio,
647 3391 716 3475 quis
739 3391 842 3456 exitus
864 3410 966 3456 rerum
989 3392 1113 3454 iuturus
1136 3399 1232 3468 esset,
1254 3379 1442 3456 haberemus
1463 3389 1571 3473 cogni-

310 3501 387 3569 turn,
409 3514 502 3576 quern
524 3491 581 3556 ille
603 3492 721 3576 frigida
743 3500 860 3568 essent,
882 3512 950 3574 quae
972 3493 1014 3556 ad
1035 3491 1182 3556 Herculis
1205 3500 1382 3575 petentem,
1397 3491 1572 3574 conjugem,

312 3594 430 3658 liberos
463 3594 636 3678 pertinent!
681 3593 785 3668 Quam
819 3594 899 3658 nihil
931 3593 1101 3675 periculum
1130 3613 1323 3672 curaremus,
1345 3592 1429 3678 quod
1450 3593 1491 3658 iis
1514 3592 1573 3657 ad·

312 3697 413 3760 femur
434 3715 454 3759 a
475 3697 575 3779 Lyco!
609 3695 706 3776 Cujus
729 3693 863 3760 consilia
884 3715 976 3777 quum
998 3714 1083 3758 vane
1104 3696 1214 3758 futura
1235 3715 1304 3760 csse
1318 3693 1574 3778 intelligeremus,

309 3804 385 3874 tum,
407 3796 457 3860 rel
482 3803 519 3860 ut
540 3797 648 3880 perlici
671 3803 813 3880 possent,
835 3795 1000 3861 videretur
1022 3796 1203 3878 optandum,
1224 3817 1264 3860 ne
1287 3817 1327 3862 ex
1349 3795 1444 3877 hujus
1467 3794 1569 3859 mani-

309 3899 368 3962 bus
402 3897 502 3980 slapsi
536 3898 569 3962 in
600 3898 748 3962 Herculis
781 3897 881 3979 ipsius
914 3898 1098 3962 inciderent
1141 3896 1241 3980 Atqui
1275 3898 1328 3964 hic
1358 3896 1447 3961 leons
1467 3896 1572 3979 qualis

311 3999 363 4078 sit,
396 3998 598 4064 vehementer
620 3999 662 4062 ad
684 3999 747 4063 vim
769 3998 870 4063 totins
893 3998 1065 4080 tragoedia
1087 3998 1246 4080 pertinere
1269 3997 1339 4082 quis
1361 3996 1487 4080 estqui
1510 4016 1571 4062 non

310 4100 491 4185 intelligat?
533 4101 615 4164 Nam
638 4120 730 4184 quum
753 4100 835 4164 duas
856 4101 924 4164 haeo
945 4100 1053 4165 fabule
1075 4099 1317 4175 hebraerorum
1338 4097 1572 4174 conversiones,

307 4222 399 4267 unarn
422 4221 442 4265 a
464 4202 635 4284 desperata
657 4202 841 4266 condicione
865 4202 907 4265 ad
929 4202 1074 4277 salutem,
1096 4201 1229 4266 alteram
1252 4221 1272 4266 e
1294 4200 1396 4267 salute
1418 4201 1461 4264 ad
1484 4218 1569 4264 mor-

308 4311 356 4367 tes
379 4309 413 4368 et
433 4302 589 4378 miserias,
612 4311 762 4386 quantum
784 4303 842 4366 illa
863 4303 1008 4385 superior
1038 4291 1252 4378 commoverit}
1273 4310 1398 4368 tantum
1422 4319 1570 4367 necesss-

307 4405 355 4468 rio
388 4406 455 4470 hsec
487 4405 647 4488 posterior
669 4405 898 4481 commovebit;
920 4423 977 4468 nee
999 4423 1073 4470 vero
1096 4411 1161 4467 tam
1183 4403 1325 4486 graviter
1346 4402 1444 4468 animi
1466 4401 1569 4468 nostri

307 4513 511 4590 tangerentur
533 4513 676 4570 extrema
696 4503 756 4568 illa
778 4524 895 4580 eorum,
917 4506 1029 4589 quibus
1051 4507 1205 4580 lavemus,
1227 4505 1421 4581 calamitate,
1434 4503 1496 4569 nisi
1511 4521 1569 4568 en·

306 4616 360 4672 tes
391 4627 513 4672 summo
546 4616 578 4670 et
609 4605 643 4670 in
676 4605 825 4689 perieulis
848 4627 956 4671 eorum
978 4605 1193 4672 sollicitudine
1216 4613 1249 4670 et
1270 4624 1380 4670 rursus
1403 4604 1437 4670 in
1459 4604 1566 4686 inspe-

306 4719 377 4774 ruta
397 4708 502 4774 salute
524 4707 640 4772 latitia
661 4727 803 4772 essemus
825 4707 954 4772 adlecti.
