3554 5406
564 535 606 591 De
627 535 658 592 t.
682 537 781 594 Annei
803 535 912 595 &neca
934 537 1105 611 ‘l'ragoedlla
1430 545 1468 600 st

208 705 357 770 Concidit
387 705 453 769 hmo
485 707 613 770 tandsm
646 713 821 788 tempestas
854 713 887 769 et
918 707 1013 783 furor,
1047 727 1141 790 qaum
1166 709 1258 774 liberi
1287 729 1354 776 cum
1377 713 1471 780 donis

209 806 384 871 mittuntur.

291 925 335 988 Et
357 934 479 1006 quanta
500 931 550 987 est
571 923 634 988 ista
657 943 813 1009 quamque
837 927 1004 1008 anagnifioa
1027 925 1219 1008 magicarum
1243 927 1357 992 artium
1381 949 1471 1012 pom-

208 1044 260 1108 pa,
293 1023 350 1087 vix
383 1025 479 1089 risum
514 1026 617 1107 possis
639 1032 758 1103 tenere,
782 1047 874 1108 quum
898 1027 1019 1102 videas,
1043 1047 1137 1112 quarn
1162 1027 1356 1110 negligenter
1377 1030 1472 1112 plane

209 1133 304 1207 poeta
338 1135 369 1189 et
400 1126 491 1209 quasi
525 1126 708 1210 preteriens
742 1127 955 1194 narrationem
989 1128 1134 1194 Creontis
1158 1138 1190 1193 et
1212 1129 1339 1194 (irenses
1361 1131 1472 1196 mortis

209 1225 376 1309 abjecerit:

306 1343 310 1362 ¹
337 1362 427 1418 Nuut.
450 1362 561 1418 Periere
582 1365 694 1430 cuncta,
718 1365 841 1420 concidit
861 1365 942 1436 regni
963 1367 1063 1422 status.

450 1448 546 1506 Gnata
567 1453 653 1520 atque
674 1451 785 1523 genitor
807 1453 899 1508 cinere
921 1455 1061 1524 permixto
1079 1453 1186 1524 jacent.

361 1535 428 1592 cho.
452 1537 513 1605 Qua
535 1536 633 1592 fraude
655 1537 753 1610 capti?

337 1621 427 1679 Nuut.
790 1625 851 1693 Qua
872 1625 963 1682 solent
985 1642 1064 1697 reges
1085 1626 1159 1696 capi.

415 1751 416 1754 ,
451 1709 544 1766 Donis.

364 1796 432 1853 cho.
587 1794 620 1850 In
641 1795 699 1850 illis
721 1812 778 1852 esse
799 1798 861 1868 quis
883 1801 977 1868 potuit
998 1798 1098 1856 dolum?

338 1883 427 1940 Nunt.
450 1881 487 1938 lii
508 1883 568 1951 ipse
589 1883 675 1942 miror
697 1884 800 1955 vixque
818 1885 880 1956 jam
901 1886 977 1944 facto
999 1885 1075 1944 malo

448 1968 574 2025 Potuisse
596 1969 655 2024 fieri
676 1971 768 2026 credo.

363 2057 429 2113 cho.
652 2073 657 2086 ·
810 2057 876 2124 Quia
898 2058 986 2114 cladis
1008 2057 1126 2112 modus?

337 2145 427 2200 Nunt.
451 2143 557 2199 Aridus
578 2161 629 2214 per
651 2159 761 2202 omnem
782 2144 866 2216 regiae
889 2147 998 2215 partem
1021 2144 1090 2200 furit

449 2231 535 2298 Quasi
553 2232 646 2304 jussus
666 2231 753 2304 ignis:
774 2232 836 2304 jam
858 2231 955 2288 domus
977 2233 1040 2287 tota
1062 2231 1174 2296 occidit,

449 2319 518 2374 Urbi
540 2319 665 2376 timetur.

360 2403 428 2462 cho.
713 2403 796 2459 Unda
817 2405 944 2460 flammas
966 2405 1118 2475 opprimat.

337 2491 427 2548 Nunt.
451 2491 487 2548 Et
510 2490 564 2546 hoc
585 2490 616 2546 in
637 2492 693 2547 ista
715 2491 794 2546 clade
816 2491 976 2548 mirandum
998 2493 1115 2558 accidit;

449 2579 511 2634 Alit
531 2577 608 2634 unda
629 2579 756 2634 flammas
778 2596 888 2650 quoque
909 2579 1074 2650 prohibetur
1094 2581 1194 2652 magis,

449 2665 540 2738 Magis
562 2665 643 2722 ardet
663 2665 746 2738 ignis,
770 2665 833 2736 ipsa
854 2667 984 2738 praesidia
1004 2669 1134 2736 occupat.

1003 2771 1031 2809 v.
1056 2753 1215 2810 887-98.

288 2908 366 2972 Hac
397 2908 511 2973 habuit
542 2909 673 2984 Seneca,
696 2928 764 2992 qua
787 2909 825 2972 de
847 2908 902 2972 illo
925 2908 1071 2972 horribili
1095 2929 1170 2972 casu
1192 2917 1355 2985 narrarem
1377 2925 1469 2992 quem

206 3016 317 3072 contra
338 3008 556 3092 copiosissime
579 3009 732 3074 describit
753 3009 936 3092 Euripides.
979 3008 1118 3094 Atque
1141 3009 1330 3092 descriptio!
1363 3007 1468 3081 Quam

206 3109 351 3191 pulchra,
384 3130 478 3193 quam
511 3111 656 3186 illustris,
688 3131 782 3194 qnam
817 3110 1022 3176 miserabilis!
1065 3111 1217 3176 Habebat
1248 3109 1300 3174 hic
1326 3111 1467 3192 prolecto

206 3211 338 3288 Seneca,
352 3213 437 3294 quod
458 3212 637 3276 imitaretur
659 3213 709 3276 rel
731 3212 837 3294 potius
864 3212 947 3293 quod
969 3220 1192 3295 corrumperet,
1212 3211 1274 3276 nisi
1297 3212 1382 3275 vires
1401 3211 1470 3292 jam

165 3301 168 3310 ’
205 3330 311 3375 omnes
343 3312 374 3376 in
405 3312 476 3376 istis
509 3312 700 3378 carminibus
732 3313 924 3396 vesanisque
958 3313 1213 3396 consumpsisset
1266 3311 1469 3376 Facillimum

195 3418 312 3478 ,tamen
346 3421 395 3476 est
422 3413 578 3494 judicare,
610 3414 638 3478 si
671 3433 824 3478 summam
853 3416 992 3496 aliquam
1014 3414 1148 3495 alicujus
1170 3413 1349 3496 potentiam
1370 3411 1470 3494 signi-

204 3531 276 3577 care
298 3515 388 3590 velis,
411 3535 450 3578 ea
471 3522 576 3578 utrum
599 3516 751 3597 maj0rem
774 3523 806 3578 et
827 3516 1027 3596 grandiorem
1050 3515 1186 3597 speciem
1209 3514 1253 3578 sit
1267 3512 1466 3586 habiturmsi

205 3613 244 3678 ds
277 3634 310 3680 re
342 3616 553 3698 praeparanda
585 3615 705 3679 dixeris
739 3616 848 3692 multa,
877 3617 915 3678 de
938 3635 971 3680 re
994 3617 1106 3679 effecta
1129 3615 1319 3680 festinanter
1341 3623 1374 3678 et
1395 3615 1468 3679 bre-

204 3714 298 3792 viter,
321 3735 361 3780 an
383 3716 412 3780 si
435 3717 473 3780 de
495 3715 553 3780 illa
576 3735 685 3799 pauca,
708 3717 746 3780 de
769 3717 829 3780 hac
850 3736 917 3781 cum
941 3717 1026 3780 omni
1049 3717 1209 3800 gravitate
1232 3725 1264 3780 et
1285 3715 1387 3800 copia.
1448 3775 1450 3779 .

290 3850 497 3916 Pervenimus
517 3851 584 3933 jam
607 3852 649 3914 ad
673 3852 772 3915 locum
795 3871 875 3928 eum,
899 3872 1002 3935 quem,
1023 3850 1050 3915 ai
1074 3851 1204 3915 omniuo
1226 3849 1319 3932 hujus
1341 3858 1469 3934 tragoe-

206 3949 266 4014 dia
288 3970 401 4032 genere
423 3951 494 4034 ipso
518 3951 694 4016 atratinus
717 3951 917 4028 delectemur,
939 3972 1066 4017 necesse
1089 3960 1139 4015 est
1160 3951 1351 4017 admiremur
1372 3971 1468 4015 unum

207 4051 344 4116 omnium
368 4053 419 4116 vel
441 4051 589 4116 maxime.
631 4055 667 4117 In
690 4072 750 4136 quo
774 4074 810 4117 ea
832 4055 881 4116 vis
904 4062 962 4129 est,
984 4054 1013 4116 is
1035 4053 1141 4130 ardor,
1163 4054 1191 4118 is
1213 4060 1338 4118 torrens
1360 4054 1469 4118 luren-

206 4152 249 4216 tis
281 4154 444 4236 cujusdam
479 4162 511 4218 et
533 4154 657 4218 vix'soi
681 4155 837 4237 compotis
860 4154 1055 4238 eloquentie,
1076 4163 1121 4230 nt,
1143 4154 1219 4218 licat
1239 4173 1404 4237 repugnes,
1426 4153 1467 4216 li-

203 4262 253 4318 cet
273 4255 431 4330 reclames,
453 4255 614 4338 abripiere
638 4263 744 4342 tamen
755 4255 873 4320 invitus
886 4263 927 4332 et,
938 4257 966 4320 si
979 4276 1040 4320 non
1055 4255 1280 4332 admiratione,
1294 4263 1378 4319 certe
1392 4253 1470 4318 hor-

203 4373 292 4419 rore,
309 4365 342 4420 et
369 4364 498 4439 stupore
520 4356 670 4421 tenearis.
714 4357 778 4422 Sed
801 4357 948 4422 Medeam
969 4357 1070 4440 ipsam
1092 4357 1267 4450 audiamus,
1290 4374 1384 4438 quum
1407 4374 1468 4418 uu·

205 4455 278 4520 trini
301 4457 405 4540 lugam
427 4456 574 4522 suadenti
596 4459 782 4540 respondet:

447 4591 542 4663 Egone
564 4595 597 4648 ut
618 4591 766 4648 recedam?
810 4591 840 4648 Si
861 4590 1046 4664 profugissem
1067 4589 1158 4676 prius:

445 4678 490 4734 Ad
511 4678 565 4736 hoc
585 4679 714 4737 redirem.
759 4678 883 4751 Nuptias
905 4679 1000 4751 specto
1022 4693 1119 4734 norm.

1005 4783 1032 4821 v.
1057 4761 1237 4822 solutos.
