3508 5404
539 473 580 532 aa
602 473 633 530 a.
655 474 754 532 mss
775 473 884 532 saeos
904 473 1075 548 nemun.
1420 475 1460 534 so
1565 439 1569 448 ’

208 655 241 712 et
264 645 421 730 popularis
447 645 526 710 ratio
547 645 704 726 regnandi.
747 647 821 710 Mox
847 644 977 722 Atreus,
1005 645 1119 710 inserta
1144 643 1315 711 narratione
1336 647 1373 711 de
1394 655 1463 712 stu-

209 769 262 830 pro
285 751 422 830 lunaque
444 769 464 810 a
485 747 619 830 Thyesta
640 748 815 822 commisso,
840 747 891 830 qui
913 747 1000 810 modo
1023 747 1143 811 omnino
1167 748 1207 810 ab
1228 747 1390 812 ulciscendi
1411 769 1464 814 eo-

209 851 354 931 gitstioue
384 849 574 924 deterrebat,
607 867 673 910 eum
698 849 761 928 jam
788 849 825 911 ds
853 849 968 932 optima
995 848 1160 912 ulciscendi
1186 849 1303 914 ratione
1324 850 1464 916 consulit.

208 951 388 1016 Mitissimus
411 949 500 1012 bomo
522 949 644 1014 satelles
666 949 744 1012 illico
765 950 888 1025 suadet,
914 959 948 1014 ut

450 1049 535 1106 Ferro
556 1053 717 1121 peremptae
738 1049 869 1122 spiritum
889 1050 1034 1107 inimicum
1055 1052 1170 1122 expuat.

1001 1157 1029 1196 v.
1054 1139 1126 1194 244.

292 1259 339 1322 At
360 1277 419 1320 nou
441 1257 540 1338 placet
561 1257 672 1333 Atre03
693 1257 790 1338 majus
813 1255 924 1339 aliquid
945 1257 997 1320 ille
1019 1257 1188 1322 desiderat:

342 1359 405 1414 Aer.
450 1357 569 1412 Nullum
590 1358 749 1428 relinquam
770 1357 878 1414 facinus
898 1360 928 1415 et
948 1359 1060 1414 nullum
1082 1362 1123 1416 est
1145 1361 1223 1417 satis.

344 1445 404 1502 Sat.
452 1444 587 1502 Ferrum?

342 1533 405 1588 Atr.
626 1529 730 1586 Parum
750 1532 801 1589 aa

344 1619 403 1674 Sat.
846 1616 917 1684 Quid
938 1615 1031 1690 ignis?

344 1705 406 1762 aar.
447 1707 448 1710 ’
1067 1703 1235 1762 Etiamnunc
1256 1723 1357 1778 parum
1379 1711 1430 1766 est.

345 1793 403 1849 Sat.
449 1789 576 1857 Quonam
597 1805 664 1862 ergo
686 1790 743 1846 telo
764 1791 862 1846 tantus
885 1792 980 1847 utetur
1002 1789 1101 1847 dolori

344 1880 406 1937 Atr.
451 1876 515 1949 Ipso
536 1876 667 1948 Thyeste.

701 1991 705 1998 ·
1013 1982 1040 2020 v.
1065 1965 1225 2022 aec-59.

294 2085 402 2150 Paullo
425 2093 511 2166 post,
533 2085 612 2166 qnod
634 2084 759 2147 obscure
781 2083 979 2165 significavit,
1000 2091 1106 2166 aperte
1127 2087 1282 2168 proponit:

452 2187 575 2258 Dignum
597 2187 639 2240 est
661 2185 782 2256 Thyeste
805 2185 911 2240 lacinus
933 2187 963 2242 et
984 2185 1101 2257 dignum
1121 2185 1217 2244 Atreo.

454 2273 578 2342 Uterque
599 2271 696 2328 iaciat.
724 2301 757 2312 -
784 2271 865 2328 Vidit
888 2271 1017 2327 infandae
1039 2272 1136 2328 domus

455 2359 574 2430 Odrysia
595 2375 713 2414 mensas.
740 2390 774 2398 -
802 2359 917 2425 Fateor,
940 2361 1063 2414 immane
1085 2361 1127 2415 est
1150 2361 1251 2427 scelus,

452 2445 506 2502 Sed
528 2447 711 2516 occupatum:
735 2446 826 2518 majus
848 2445 901 2502 hoo
923 2445 1031 2516 aliquid
1053 2445 1132 2502 dolor

453 2534 592 2590 inveniat.
637 2532 770 2588 Animum
792 2533 890 2588 Daulis
911 2533 1018 2604 inspira
1040 2549 1141 2604 parens

455 2619 601 2690 sororque.
647 2619 736 2676 Causa
758 2622 801 2675 est
822 2620 933 2675 similis:
957 2619 1053 2676 assiste
1075 2622 1104 2675 et
1125 2637 1241 2676 manum

453 2707 561 2777 inpelle
582 2710 716 2763 nostram.
743 2737 776 2746 —
804 2706 917 2762 Liberos
938 2706 1037 2762 avidus
1058 2709 1141 2777 pater

456 2793 639 2864 (tendensque
661 2793 766 2850 laceret
788 2797 817 2850 et
839 2811 900 2850 suos
923 2798 1000 2850 arua
1021 2794 1097 2849 edat.

1008 2900 1035 2936 v.
1061 2879 1219 2937 271-78.

297 3001 416 3064 Iudicat
438 3001 545 3065 deinde
567 3001 676 3064 liberos
698 3021 730 3063 se
753 3001 791 3064 ad
815 3002 937 3064 fratrem
961 3002 1139 3077 missurum,
1166 2999 1217 3083 qui
1238 2999 1327 3064 exilio
1349 3009 1380 3065 et
1401 3020 1472 3082 ege·

213 3109 294 3166 state
317 3102 471 3166 adflictum
494 3123 546 3184 spe
568 3102 649 3184 regni
672 3103 766 3185 partis
789 3109 943 3166 ostentata
966 3104 1110 3165 reducant
1131 3103 1161 3164 in
1185 3101 1325 3182 patriam.
1362 3099 1472 3184 Sequi-

214 3213 279 3276 tur,
300 3213 399 3266 utrum
422 3203 531 3267 liberos
553 3203 583 3266 in
606 3215 754 3268 secretum
776 3203 920 3266 admittat
942 3223 1051 3278 neone,
1072 3202 1147 3266 satis
1169 3202 1258 3282 longa
1280 3202 1471 3266 deliberatio:

215 3305 299 3385 cujus
321 3305 370 3368 hio
391 3313 490 3368 tamen
514 3305 613 3367 exitus
635 3315 696 3380 est,
718 3313 752 3368 ut
774 3305 863 3368 celari
887 3324 938 3367 eos
960 3305 1100 3366 videatur
1120 3303 1232 3366 utilius.

298 3419 417 3485 Cedunt
445 3422 559 3484 insidiae
588 3442 743 3504 prospere:
773 3422 861 3485 adest
888 3441 955 3486 oum
977 3421 1044 3484 filiis
1067 3420 1226 3504 Thyestes.
1269 3417 1401 3484 Summa
1422 3419 1473 3486 hic

215 3523 378 3605 probitatis
400 3522 563 3596 inducitur,
592 3523 751 3604 sapientiae
774 3543 888 3605 quoque
911 3541 1043 3603 magnae,
1072 3521 1211 3584 nimirum
1241 3521 1279 3585 ad
1301 3519 1471 3586 Stoicorum

216 3621 367 3706 precepta
389 3625 540 3688 formate:
562 3624 612 3706 qui
634 3633 665 3688 et
686 3644 806 3704 regnum
830 3633 862 3687 et
882 3625 1017 3686 exsilium
1040 3630 1183 3705 expertus
1205 3623 1292 3704 hujus
1308 3632 1471 3704 egestatem

214 3725 295 3787 illins
317 3725 468 3806 splendori
491 3725 576 3806 longe
599 3726 759 3807 praeponit:
781 3725 860 3807 quod
881 3735 981 3788 autem
1004 3727 1149 3806 Mycenas
1171 3743 1203 3787 se
1226 3723 1389 3788 arcessenti
1411 3725 1473 3787 fre-

215 3826 255 3888 tri
284 3825 518 3907 obtemperavit,
549 3825 581 3888 id
609 3826 735 3889 filiorum
764 3845 796 3888 se
823 3825 961 3907 precibus
990 3825 1119 3900 victum,
1152 3843 1210 3888 non
1231 3845 1286 3889 sua
1308 3823 1472 3907 eupiditate

218 3926 321 3990 fecisse
343 3928 510 3990 confirmat.
555 3927 650 3991 Venit
670 3927 762 4008 igitur
782 3927 1012 3990 cunctabundus
1034 3934 1064 3989 et
1085 3927 1196 3989 timens
1219 3934 1250 3989 et
1271 3926 1370 3990 omnia
1391 3925 1473 3989 mela

216 4028 408 4110 prasagiens.
453 4025 550 4098 Quem
579 4028 609 4092 in
632 4028 770 4090 exsilium
792 4027 903 4090 reverti
925 4027 1093 4110 cupientem
1118 4027 1188 4090 dum
1210 4027 1289 4090 filios
1311 4027 1420 4108 erigere
1443 4034 1474 4090 et

217 4129 336 4191 firmare
363 4135 505 4204 conatur,
538 4129 691 4209 praebetur
716 4129 842 4192 idoneus
864 4129 1009 4192 transitus
1035 4129 1073 4191 ad
1095 4127 1247 4209 vulgarem
1269 4127 1353 4192 illum
1376 4127 1473 4190 locum

218 4249 423 4304 communem,
451 4235 595 4312 quantum
619 4229 740 4292 humilis
762 4239 792 4293 et
813 4250 918 4292 secura
940 4229 1073 4294 condicio
1103 4229 1151 4290 vel
1173 4229 1384 4292 excelsissima
1406 4247 1473 4291 oum

219 4331 351 4412 periculo
385 4329 524 4412 dignitati
561 4330 723 4412 praecellat.
767 4329 836 4402 Quo
868 4330 933 4394 loro
966 4339 1064 4394 cetera
1095 4327 1264 4394 tolerabilia
1296 4338 1351 4394 aut
1382 4329 1473 4392 etiam

218 4432 315 4508 boua3
335 4431 408 4494 illud
431 4451 500 4494 vero
523 4431 671 4513 ineptum:

351 4531 424 4604 Thy.
459 4531 578 4587 Causam
599 4531 708 4588 timoris
729 4532 789 4603 ipse
812 4551 896 4603 quam
918 4531 1016 4605 ignoro
1038 4530 1136 4603 exigis.

459 4619 539 4674 Nihil
560 4619 716 4676 timendum
736 4619 832 4688 video,
854 4621 902 4678 sed
922 4621 1161 4762 timeovtaqngqn..
1169 4702 1208 4762 35
