3554 5406
569 499 609 558 De
631 499 662 559 t.
685 500 784 562 Annei
805 499 915 562 Serreem
937 499 1108 575 Tragoediie.

377 673 429 730 Ph.
452 673 589 746 Reepereu
609 674 690 732 uirile
712 675 776 732 labe
796 677 826 732 et
848 675 959 734 intuetu
979 675 1121 742 innocens.

451 762 514 818 Tibi
536 765 629 820 mutor
651 761 709 818 uni.

1004 869 1031 907 v.
1056 851 1193 906 675-6.

451 971 587 1040 Tempore
610 971 689 1026 abest
711 971 857 1039 aberitque
878 969 926 1024 diu
948 969 1109 1040 Neptunius
1131 971 1220 1038 heroe,

451 1057 536 1114 Illum
556 1058 683 1114 Perithoi
706 1058 813 1113 detinet
834 1074 884 1112 ora
906 1057 956 1112 eui.

450 1144 604 1214 Praeposuit
627 1145 756 1210 lbeseue,
778 1144 832 1198 nisi
853 1161 903 1199 nos
925 1144 1074 1200 manifesta
1095 1163 1235 1218 negemus,

450 1231 613 1288 Perithoum
635 1231 758 1287 thdrae
780 1229 996 1302 Perithoumque
1018 1231 1081 1286 tibi.

1002 1319 1041 1374 ib.
1068 1319 1224 1375 loe-12.

450 1438 559 1495 Am0ris
579 1438 609 1492 in
632 1457 676 1494 me
698 1438 851 1494 maximum
872 1458 990 1511 regnum
1011 1442 1080 1511 puto

452 1527 623 1597 Reditueque
644 1527 736 1582 nulloe
757 1529 865 1582 metuo:
889 1545 945 1584 non
967 1545 1100 1597 umquem
1123 1529 1245 1600 emplius

450 1613 580 1670 Convexo
601 1615 699 1686 tetigit
720 1631 821 1684 supera
843 1614 891 1684 qui
912 1633 1016 1670 mersus
1037 1615 1122 1670 eemel

421 1729 422 1734 κ
451 1701 530 1758 Adiit
551 1701 680 1758 silentem
702 1705 785 1758 noete
806 1705 944 1773 perpetua
965 1703 1087 1758 domum.

1004 1808 1032 1845 v.
1057 1789 1216 1846 223-26.

806 1907 943 1980 Protugue
964 1925 1000 1964 en
1021 1909 1143 1980 conjunx
1165 1909 1245 1966 abeet

449 1995 626 2067 Praeetetque
648 1997 744 2066 nuptae
766 2013 851 2066 quern
873 1997 945 2055 colet
966 1997 1087 2052 Theseus
1108 1997 1199 2052 fidem.

1005 2102 1032 2140 v.
1059 2084 1135 2138 96-
1145 2086 1174 2139 7.

212 2202 320 2285 Atque
353 2201 449 2264 etium
482 2201 567 2265 illius
589 2203 662 2278 loci,
683 2203 739 2266 ubi
760 2204 868 2267 nutrix
888 2203 1098 2286 Hippolytum
1122 2205 1161 2268 ed
1181 2204 1397 2287 jucundiorem
1420 2203 1472 2267 hi·

211 2305 419 2385 larioremque
453 2303 552 2365 vitem
584 2304 739 2378 hortatur,
773 2325 864 2386 quem
892 2325 985 2367 uuum
1009 2306 1108 2369 locum
1131 2327 1193 2371 non
1215 2307 1373 2370 timuerim
1397 2326 1471 2370 con·

211 2407 337 2469 liemare
359 2404 444 2487 apud
469 2403 612 2468 Graecum
637 2407 812 2487 tragoediae
837 2407 1022 2489 scriptorem
1047 2407 1143 2471 fuisse
1166 2409 1331 2484 nemiuem,
1353 2407 1470 2490 quippe

212 2527 274 2588 quo
306 2527 345 2570 ne
371 2505 503 2586 digitum
526 2507 651 2588 quidem
675 2515 888 2570 transversum
911 2527 960 2570 ree
983 2508 1054 2589 ipse
1075 2510 1235 2590 procedet,
1259 2510 1325 2590 ejus
1348 2527 1470 2591 quoque

211 2616 377 2693 tamquam
399 2607 524 2670 initium
548 2619 582 2670 et
603 2628 708 2671 semen
731 2609 865 2672 lorsiteu
887 2609 965 2673 insit
986 2609 1019 2672 in
1043 2608 1093 2672 hie
1116 2610 1225 2675 Ovidii
1247 2609 1406 2674 versibus:

453 2708 525 2774 Quid
543 2709 627 2781 juvat
647 2709 777 2768 incinctm
798 2709 892 2766 studia
913 2726 1039 2766 exercere
1060 2711 1157 2768 Dianae

454 2796 491 2850 Et
512 2797 617 2852 Veneri
637 2815 767 2854 numeros
788 2797 920 2867 eripuisse
941 2797 1022 2853 euoel

455 2882 534 2948 Quod
555 2887 632 2940 caret
655 2886 766 2942 alterne
787 2886 882 2955 requie
903 2883 1030 2940 durabile
1052 2899 1110 2940 non
1131 2884 1186 2938 eet:

453 2969 520 3026 Heec
541 2975 655 3042 reparat
679 2973 750 3029 vires
772 2973 896 3042 fessaque
919 2971 1044 3026 membra
1065 2973 1161 3026 novet.

1005 3057 1044 3113 ib.
1069 3059 1207 3113 87-90.

212 3173 277 3240 Sed
311 3175 461 3240 abeamus
494 3176 535 3241 ab
568 3179 628 3242 hac
660 3178 769 3240 fabule
802 3185 835 3242 et
873 3180 914 3241 ud
947 3179 1110 3254 Medeam,
1135 3198 1203 3261 quae
1224 3178 1369 3260 proximu
1391 3187 1470 3255 erat,

211 3286 427 3354 transeamus,
459 3277 487 3340 ei
518 3289 591 3343 ante
625 3279 747 3362 aliquid
780 3281 818 3342 de
848 3280 1019 3362 Euripidia
1047 3280 1227 3361 cognomine
1250 3280 1357 3343 fabula
1380 3279 1470 3342 dixe-

212 3398 318 3442 rimus.

295 3515 404 3578 Multae
426 3513 524 3595 igitur
544 3515 709 3598 Euripidis
732 3515 848 3580 fabulae
870 3515 902 3578 iu
924 3533 1046 3578 eurnme
1061 3515 1223 3580 doctorum
1238 3515 1378 3580 virorum
1394 3536 1471 3581 cou-

211 3614 354 3680 tentioue
387 3626 570 3693 vereantur3
602 3618 704 3698 mejor
729 3626 835 3681 temen
859 3625 892 3680 et
912 3616 1040 3698 gravior
1062 3617 1100 3680 de
1122 3617 1210 3681 nulle
1232 3637 1325 3700 quam
1350 3618 1387 3680 de
1410 3617 1471 3682 hac

212 3717 284 3798 ipse
318 3725 389 3780 erte
421 3716 577 3782 dissensio
604 3729 661 3782 eet.
704 3719 813 3782 Habet
835 3717 919 3781 euim
942 3725 1161 3800 argumentum
1183 3738 1333 3801 perquam
1355 3737 1470 3802 auceps

212 3827 246 3882 et
277 3818 450 3894 lubricum;
482 3819 642 3884 inducitur
674 3820 797 3883 facinus
825 3839 981 3900 magnum,
1004 3829 1108 3895 atrox,
1130 3820 1278 3894 immane,
1301 3820 1383 3902 quod
1406 3841 1469 3886 non

212 3921 306 3983 modo
330 3939 350 3981 a
374 3918 519 3984 censibus
542 3922 670 3998 nostrie,
693 3920 919 3984 verumetiam
942 3920 982 3983 ab
1004 3920 1076 4002 ipse
1097 3929 1211 3985 nature
1233 3921 1402 3984 abhorrere
1421 3923 1471 3986 vi·

212 4021 341 4096 deatur3
363 4021 550 4102 proponitur
572 4023 683 4086 mulier
703 4022 767 4085 viri
787 4020 958 4085 ulciscendi
981 4041 1077 4086 ceusu
1098 4040 1174 4086 euos
1196 4022 1268 4103 ipse
1285 4022 1470 4087 interimens

212 4121 340 4186 liberos.
383 4120 477 4195 Quod
510 4123 636 4206 quidem
659 4122 781 4187 lacinus
803 4142 866 4186 nou
888 4123 981 4187 modo
1004 4123 1052 4186 ita
1074 4143 1241 4206 exponere,
1264 4133 1299 4188 ut
1320 4124 1389 4186 fieri
1412 4143 1471 4206 pe-

212 4223 321 4299 tuieee,
354 4223 410 4286 sed
443 4231 479 4286 ut
499 4224 677 4288 necessario
700 4244 740 4288 ex
762 4224 839 4305 eJue,
861 4243 929 4306 quae
951 4224 1040 4299 facit,
1062 4233 1178 4310 nature
1200 4235 1232 4288 et
1253 4226 1393 4289 moribus
1417 4243 1470 4288 or-

213 4332 278 4386 tum
301 4343 371 4388 ecee
392 4323 539 4389 videatur
561 4333 593 4388 et
615 4346 654 4390 ex
675 4333 768 4390 tante
789 4325 835 4388 rei
858 4325 1025 4388 atrocitate
1047 4327 1209 4407 propriam
1232 4326 1319 4390 illem
1343 4335 1470 4408 tragoe-

212 4424 273 4488 diae
307 4425 550 4490 delectationem
580 4427 703 4503 elicere,
724 4429 867 4508 prolecto
889 4446 950 4490 non
973 4427 1141 4490 mediocris
1164 4427 1254 4502 artie,
1277 4447 1337 4491 nou
1360 4427 1471 4508 vulga-

213 4525 257 4590 ris
289 4525 407 4607 ingenii
441 4534 499 4591 eet.
541 4529 613 4592 Nou
645 4529 757 4593 mirum
779 4527 879 4609 igitur
901 4539 959 4603 eet,
981 4528 1019 4602 ei,
1042 4528 1093 4610 qui
1117 4528 1239 4591 omnino
1262 4528 1294 4590 in
1318 4528 1470 4610 Euripide

213 4627 470 4708 reprehendendo
504 4647 572 4692 cum
594 4629 691 4692 nimia
713 4629 889 4711 cupiditate
911 4637 1089 4704 vereantur,
1111 4628 1144 4692 in
1166 4628 1249 4692 huuc
1271 4629 1469 4711 potissimum

213 4727 352 4792 fabulum
376 4729 684 4794 vehementissimum
705 4730 858 4811 impetum
888 4732 999 4794 fecere.
1043 4729 1238 4802 Quibuscum
1261 4748 1318 4811 ego
1340 4738 1398 4794 eut
1419 4729 1470 4793 ni-
