3554 5406
566 501 606 558 De
628 501 660 557 L.
683 501 781 560 Aunoei
802 500 912 558 Seuecm
932 500 1102 574 Tragoedus.

455 673 538 730 Durae
559 672 685 730 minister
706 672 789 730 sortis
809 673 863 730 hoo
884 673 1007 744 primum
1027 675 1103 744 peto,

456 762 495 818 Ut
516 778 562 817 ore
583 760 711 832 quumvis
733 760 819 816 verbe
840 761 971 817 dicentur
992 776 1054 817 meo

454 847 520 903 Non
541 864 598 903 esse
621 847 716 902 credes
738 849 847 903 nostra:
872 847 1020 904 Graiorum
1042 847 1166 902 omnium

455 935 659 1004 Procerumque
681 951 735 990 vox
757 936 808 999 est,
832 937 928 1004 petere
950 953 1018 1004 quos
1040 951 1114 990 seres
1135 934 1230 988 domos

454 1021 593 1078 Hectores
613 1021 723 1077 suboles
743 1020 883 1091 prohibet.
929 1019 1010 1078 Hune
1031 1021 1092 1078 reta
1112 1023 1259 1091 expetunt.

1014 1109 1174 1166 533-37.

247 1177 249 1184 ¹
297 1195 414 1260 Censes
447 1194 551 1258 deiude
575 1195 687 1257 decreti
709 1193 874 1276 principum
897 1195 1026 1274 profert:
1048 1194 1278 1259 sollicitudinem
1299 1195 1417 1260 illorum
1440 1204 1472 1260 et

214 1305 320 1372 metus,
352 1295 437 1379 pueri
468 1305 612 1358 terrorem
645 1296 684 1358 ud
711 1305 871 1376 paternam
893 1295 1117 1361 similitudinem
1139 1297 1302 1365 crescentis
1322 1298 1455 1362 ostendit
1461 1318 1472 1376 3

213 1399 283 1483 quin
305 1398 402 1480 ipsam
424 1397 490 1460 vult
507 1396 652 1477 judicare,
674 1416 762 1477 quam
784 1416 870 1478 aeque
892 1415 939 1458 res
963 1399 1141 1478 postuletur.

454 1497 504 1554 use
526 1496 638 1566 quidem
660 1497 780 1569 injustus
802 1496 880 1552 dolor

454 1585 557 1640 Rerum
579 1584 745 1641 aestimctor:
770 1583 793 1638 si
814 1589 910 1640 tamen
931 1585 1024 1639 tecum
1046 1582 1151 1656 exigas,

392 1733 393 1736 Ἴ
454 1670 573 1727 Veniam
595 1670 675 1726 debis
697 1669 772 1740 quod
792 1669 868 1726 belle
890 1674 954 1740 post
976 1672 1081 1726 hiemes
1102 1672 1197 1726 decem

456 1757 641 1827 Totidemque
663 1774 763 1813 messes
782 1757 843 1830 jem
865 1773 949 1813 senex
970 1758 1050 1813 miles
1072 1758 1155 1814 timet

454 1845 587 1915 Alinsque
610 1845 704 1900 clades
725 1861 819 1900 rursus
841 1861 875 1899 ec
896 1862 1051 1916 numquam
1072 1845 1143 1900 benc

452 1931 566 2004 Trojem
584 1931 735 2004 jacentem.

1006 2015 1142 2073 554-9,

293 2107 330 2168 In
352 2113 488 2170 extrema
510 2104 644 2169 oratioue
666 2103 781 2179 eodem,
802 2105 881 2167 unde
902 2103 1016 2184 incipit,
1038 2122 1140 2166 rursus
1162 2105 1335 2170 revolvitur:

803 2205 883 2260 Neve
905 2204 1046 2260 crudelem
1067 2206 1158 2274 pules,

451 2292 529 2360 Quod
551 2294 624 2348 sorte
642 2291 734 2362 jussus
756 2291 884 2349 Hectoris
906 2294 1025 2364 gnatum
1046 2293 1156 2361 petam:

449 2380 583 2436 Petissem
606 2377 730 2436 Oresten.
774 2379 875 2435 Petere
897 2379 971 2449 quod
993 2378 1083 2434 victor
1104 2379 1182 2435 tulit.

1005 2466 1163 2524 562-64.

292 2570 508 2634 Andromache
529 2571 568 2634 cd
590 2570 664 2645 haeo,
686 2570 799 2634 nescire
820 2589 853 2632 se
874 2569 965 2652 plene
985 2570 1109 2633 ubinam
1125 2570 1203 2635 filins
1217 2571 1268 2635 sit.
1300 2571 1365 2648 Ille,
1381 2591 1468 2634 men-

207 2670 258 2736 tiri
280 2693 346 2736 cem
368 2670 510 2747 sentiens,
532 2672 692 2734 utstatim
714 2672 850 2745 dedatur,
862 2671 961 2752 poscit
968 2690 977 2748 ;
998 2672 1122 2746 instare,
1145 2692 1264 2754 urgere:
1285 2673 1376 2754 ignes,
1399 2692 1468 2737 cru-

207 2775 315 2849 ciatus,
349 2782 473 2836 mortem
506 2773 635 2856 denique
657 2772 774 2836 minari.
818 2771 895 2844 Quae
917 2792 1007 2854 quum
1030 2772 1131 2846 omniu
1151 2774 1232 2838 illam
1255 2773 1373 2838 fortiter
1393 2793 1467 2838 con-

208 2883 394 2939 temnentem
416 2875 507 2949 ridet,
529 2893 630 2937 rursus
652 2875 691 2936 ed
712 2873 953 2956 persuadendum
976 2873 1152 2938 deflectitur:

448 2975 502 3029 Hic
523 2974 583 3045 ipse
605 2993 660 3044 quo
681 2992 756 3030 nunc
778 2977 930 3030 contumax
952 2976 1061 3044 perstas
1084 2992 1163 3031 emor

449 3061 597 3117 consulere
618 3062 714 3132 pernis
736 3061 831 3117 liberis
852 3061 965 3117 Danaos
986 3064 1090 3118 moret.

449 3149 516 3204 Post
538 3166 617 3204 orme
638 3152 699 3205 tem
720 3149 877 3220 longinque
898 3151 962 3218 post
984 3165 1073 3203 ennon
1096 3148 1200 3218 decem,

447 3236 539 3291 Minus
560 3237 689 3292 timerem
711 3253 780 3306 quos
801 3235 871 3292 fecit
892 3234 1009 3290 Calchas
1031 3238 1131 3300 metus,

446 3323 475 3378 si
497 3323 567 3378 mihi
588 3323 731 3380 timerem:
754 3322 830 3378 belle
852 3322 1019 3378 Telemacho
1040 3339 1133 3392 peras.

1000 3409 1179 3466 598-602.

290 3517 348 3580 His
381 3517 499 3579 demum
533 3513 632 3579 verbis
654 3523 810 3598 tamquam
832 3515 871 3577 ad
894 3513 1095 3578 confitendum
1117 3513 1343 3598 compulserit,
1364 3515 1465 3580 obisse

206 3617 298 3682 filium
320 3617 393 3695 edit,
413 3617 608 3699 jurejurando
630 3616 806 3698 interposito
827 3614 1012 3696 hujusmodi:

444 3718 490 3775 Ite
512 3718 586 3788 quod
606 3717 710 3774 minnri
731 3717 884 3773 maximum
905 3715 997 3790 pictor
1017 3719 1112 3787 potest

445 3805 598 3877 Continget
620 3809 649 3862 et
670 3821 715 3860 me
737 3804 799 3861 fetu
818 3806 930 3860 maturo
951 3805 1030 3860 exitu

443 3891 586 3962 Fecilique
608 3892 719 3949 solvunt
741 3908 775 3946 ec
796 3907 858 3947 meo
879 3891 1003 3947 condent
1023 3891 1083 3946 solo

443 3981 480 4036 Et
501 3980 596 4050 patrie
616 3980 701 4036 tellus
721 3977 871 4034 Hectorem
891 3977 992 4035 leviter
1013 3979 1133 4048 premet,

443 4067 483 4124 Ut
504 4067 566 4122 luce
588 4065 688 4123 caruit.
998 4064 1179 4122 608-612.

286 4193 377 4256 Paenc
412 4187 528 4252 invenit
559 4186 750 4252 menducium
772 4186 878 4264 fldem
911 4186 1051 4250 abiturus
1072 4195 1119 4250 est
1148 4149 1255 4250 Ulixes
1277 4187 1317 4252 ed
1338 4185 1461 4252 Graecos

203 4313 270 4356 cum
292 4293 447 4357 letissimo
469 4289 585 4365 nuntio,
607 4309 697 4370 quum
718 4287 818 4352 subito
840 4287 972 4351 animum
994 4287 1058 4369 ejus
1079 4286 1209 4369 suspicio
1229 4289 1418 4371 perstringit:

444 4391 516 4458 Quid
538 4389 608 4462 egis,
632 4390 723 4455 Ulixe,
746 4389 880 4446 Danaidm
901 4389 1015 4445 credent
1034 4388 1108 4444 tibi:

443 4477 486 4532 Tu
508 4476 572 4534 cui?
594 4476 719 4532 Perent'.
763 4477 860 4549 Fingit
882 4494 919 4532 en
941 4475 1090 4547 quicquum
1110 4474 1164 4532 hoc
1185 4493 1286 4548 petens

443 4564 502 4620 Nec
524 4564 717 4620 abominendae
739 4565 836 4621 mortis
858 4563 1013 4635 euspicium
1033 4563 1140 4632 peret?

443 4651 576 4723 Auspicia
597 4653 736 4717 metuunt,
760 4653 809 4722 qui
829 4651 903 4708 nihil
923 4651 1014 4724 majus
1034 4650 1146 4706 timent.
