3508 5404
561 467 602 524 ne
623 467 655 524 a.
677 466 776 524 masa
796 466 907 522 aeneos
928 463 1099 538 nagomm
1417 466 1459 524 ae

198 639 324 702 randum
358 635 475 702 ridetur
508 639 633 722 reperiri
665 639 696 702 in
723 639 781 704 hac
807 637 904 702 latina
925 645 989 702 tam
1012 636 1123 712 multa,
1144 655 1210 718 quae
1231 635 1272 702 ab
1294 636 1458 722 AEschyleo

196 749 374 820 argumento
408 741 494 822 longe
524 741 671 824 longeque
693 741 862 804 discedant.
905 738 994 810 Quod
1016 738 1152 821 quidem,
1186 747 1219 802 ut
1241 739 1370 804 breviter
1391 759 1458 804 am·

195 839 322 922 plectar,
345 840 515 922 hujusmodi
536 849 592 904 est.

276 958 434 1022 Inducitur
457 958 585 1040 primum
606 966 696 1022 vetus
718 957 838 1042 quidam
861 955 1099 1037 Agamemnonis
1121 955 1267 1020 famulos:
1289 957 1339 1038 qui
1355 966 1456 1022 custos

190 1057 222 1120 in
246 1059 312 1120 alta
333 1068 415 1122 turre
438 1059 637 1134 constitutus,
659 1068 707 1134 ut,
736 1058 762 1120 si
784 1059 862 1140 quod
884 1059 1003 1138 signum
1026 1079 1064 1120 ex
1084 1057 1176 1138 Troja
1198 1079 1218 1120 a
1240 1057 1346 1122 Graeco
1368 1077 1457 1122 exer-

192 1158 256 1222 citu
278 1159 402 1222 missum
422 1170 519 1235 esset,
542 1160 710 1243 exciperet,
743 1161 814 1224 dum
837 1160 941 1224 durum
965 1159 1180 1242 ruolestumque
1203 1158 1347 1223 custodiae
1369 1159 1457 1221 labo-

191 1279 255 1322 rem
278 1260 455 1343 longamque
476 1261 588 1324 domini
610 1260 779 1325 absentiam
803 1261 995 1335 lamentatur,
1017 1261 1164 1342 conspicit
1184 1260 1283 1324 subito
1305 1261 1401 1341 ignem
1417 1279 1456 1325 ex

188 1361 329 1442 proxima
349 1362 472 1444 specula
494 1381 662 1426 accensum.
705 1363 811 1426 Laetus
833 1361 923 1442 igitur
944 1362 982 1424 ad
1005 1361 1268 1443 Clytaemnestram
1281 1361 1454 1426 Graecorum

188 1461 351 1528 victoriam
374 1463 545 1527 nuntiatum
567 1463 710 1528 accurrit:
732 1463 785 1526 illa
805 1482 867 1526 rem
889 1481 956 1525 cum
979 1462 1068 1524 choro
1084 1462 1300 1526 communicat:
1324 1481 1382 1546 qno
1396 1463 1454 1526 du-

188 1563 324 1638 bitante,
358 1583 397 1630 uu
421 1573 533 1630 temere
555 1564 622 1638 illa,
645 1574 678 1629 ut
700 1562 816 1638 mulier,
850 1563 953 1626 nuntio
976 1563 1152 1638 crediderit,
1186 1563 1262 1626 nlius
1282 1564 1454 1644 supervenit

190 1665 332 1738 nuntius,
356 1665 592 1746 Agamemnonis
615 1685 730 1748 praeco,
751 1664 950 1748 Talthybius:
973 1683 1061 1747 aquo
1076 1663 1308 1748 Glytaemnastra
1323 1672 1354 1726 et
1368 1663 1453 1746 Aga·

191 1783 381 1829 memnonem
405 1767 550 1829 victorem
571 1767 684 1830 reverti
705 1776 736 1830 et
758 1776 890 1828 ceteram
914 1764 1086 1828 Graecorum
1103 1766 1230 1828 classem
1246 1766 1359 1830 recenti
1375 1773 1454 1828 tem-

187 1874 310 1948 pestate
333 1865 492 1948 disjectam
515 1868 678 1948 cognoscit.
721 1867 793 1930 Jam
822 1866 1031 1948 Agamemnon
1060 1866 1148 1930 adest
1169 1867 1246 1949 ipse:
1278 1887 1363 1950 quem
1385 1865 1452 1943 illa,

187 1985 248 2050 quo
271 1967 366 2048 magis
390 1969 487 2032 omnis
509 1969 569 2031 doli
591 1969 722 2050 suspicio
744 1967 884 2044 tollatur,
916 1967 953 2030 iis
976 1967 1137 2054 honoribus
1159 1968 1284 2049 excipit,
1317 1975 1351 2031 ut
1371 1967 1451 2032 viam

186 2069 303 2150 ipsam,
336 2089 395 2153 qua
423 2069 543 2132 domum
567 2078 614 2133 est
636 2071 836 2152 ingressurus,
868 2068 981 2150 tapetis
1003 2070 1159 2150 purpureis
1181 2077 1307 2133 sternat.
1350 2069 1452 2153 Atque

185 2169 238 2232 ille
273 2170 391 2252 quidem
425 2171 522 2234 intrat
554 2172 690 2235 domum:
723 2169 897 2236 Cassandra
928 2170 1013 2254 sequi
1041 2171 1129 2251 jussa
1157 2171 1310 2234 obstinato
1332 2171 1452 2235 silentio

185 2271 303 2334 abnuit.
347 2271 392 2336 Ut
413 2292 484 2336 vero
510 2271 745 2356 Clytaemnestra
766 2291 881 2355 quoque
903 2272 985 2334 intus
1007 2291 1039 2335 se
1060 2271 1188 2354 recepit,
1209 2281 1272 2335 tum
1285 2271 1385 2335 divino
1404 2272 1452 2335 fu·

184 2391 252 2436 rore
285 2373 439 2438 concitata
471 2373 636 2438 instantem
670 2383 701 2437 et
727 2373 963 2455 Agamemnonis
990 2381 1115 2436 mortem
1145 2383 1177 2437 et
1197 2393 1282 2436 suam
1306 2373 1451 2456 praedicit.

185 2473 263 2536 Mox
286 2473 521 2557 clytemnestra
553 2495 620 2538 cum
653 2475 796 2558 AEgistho
817 2475 951 2556 procedit
972 2474 1159 2557 occisumque
1181 2495 1200 2538 a
1220 2494 1253 2536 se
1275 2493 1343 2537 esse
1364 2475 1452 2558 Aga-

184 2593 384 2651 memnonem,
407 2575 559 2658 adjunctis
582 2576 723 2640 facinoris
745 2576 861 2651 causis,
884 2575 1144 2657 impudentissime
1165 2576 1338 2657 profitetur,
1361 2596 1451 2640 aver·

185 2683 276 2740 sante
309 2675 400 2740 choro
428 2677 527 2741 scelus
555 2685 588 2740 et
614 2677 689 2740 iram
712 2679 813 2759 popuii
837 2676 1111 2760 lapidationemque
1134 2677 1301 2741 minitante.
1344 2678 1393 2742 Ac
1414 2679 1451 2748 da

185 2775 358 2861 AEschylea
378 2779 496 2860 quidem
518 2779 623 2842 fabula
645 2779 803 2842 hactenus.

272 2911 403 2974 Latinus
426 2932 498 2977 vcro
519 2922 611 2995 poeta
633 2914 670 2976 de
693 2913 788 2995 primo
809 2911 861 2976 ilio
883 2912 987 2975 nuntio
1010 2911 1094 2988 silet,
1127 2933 1181 2996 pro
1204 2933 1238 2975 eo
1260 2920 1362 2976 autem
1383 2933 1458 2977 uma

184 3013 273 3076 bram
295 3013 439 3097 Thyestae
453 3013 691 3096 Agamemnonis
707 3022 833 3078 mortem
847 3013 1061 3097 praedicantem
1075 3013 1200 3078 inducit.
1223 3015 1329 3078 Prodit
1342 3015 1449 3078 deinde

183 3113 421 3198 clytemnestra
432 3115 525 3180 dubia.
545 3115 639 3180 auimi
661 3124 750 3198 atque
772 3116 888 3179 incerta
910 3125 957 3191 et,
979 3116 1122 3198 quidnam
1141 3123 1228 3198 agat,
1250 3135 1317 3180 cum
1333 3116 1448 3180 nutrice

182 3213 364 3280 deliberans.
407 3217 456 3280 Ac
477 3217 565 3280 modo
587 3225 717 3280 vetustae
740 3238 807 3280 cum
830 3219 894 3280 viro
915 3217 1079 3280 simultatis
1107 3215 1251 3298 originem
1281 3237 1445 3300 causasque

183 3325 350 3393 retractat;
372 3318 460 3380 modo
482 3317 613 3400 suscepti
636 3317 741 3400 fiagitii
764 3316 946 3390 conscientia
969 3325 1000 3379 et
1022 3317 1146 3381 redituri
1164 3317 1290 3398 jamjam
1312 3318 1444 3400 conjugis

182 3427 266 3480 metu
287 3427 462 3501 torquetur3
495 3419 582 3482 modo
610 3421 731 3483 funesta
759 3419 974 3501 Pelopidarum
996 3417 1102 3482 domus
1125 3418 1262 3500 exempla
1283 3419 1445 3500 respiciens

182 3519 222 3580 ad
245 3519 332 3600 paria
353 3521 468 3584 scelera
489 3541 521 3583 se
542 3520 612 3602 ipsa
633 3520 775 3602 instigat3
797 3539 888 3602 quum
910 3519 1028 3583 interim
1051 3520 1168 3596 nutrix,
1193 3528 1227 3582 ut
1247 3540 1365 3602 semper
1386 3520 1445 3584 hu·

179 3617 317 3698 jusmodi
348 3621 379 3682 in
412 3621 573 3702 tragoediis
596 3622 745 3697 nutrices,
779 3623 818 3684 ad
840 3621 967 3686 honeste
988 3621 1113 3684 consilia
1134 3621 1238 3684 sedulo
1259 3621 1444 3686 cohortatur.

181 3720 430 3802 AEgisthiantem
453 3723 585 3788 adventu
606 3729 729 3804 repente
749 3718 983 3804 Olytaemnestra
997 3729 1147 3806 mutatur:
1169 3721 1349 3785 ostendente
1365 3724 1445 3786 enim

180 3821 249 3897 illo,
272 3831 418 3904 quantum
440 3825 479 3887 ab
501 3822 744 3906 Agamemnone,
765 3824 792 3887 si
812 3824 914 3888 salvus
935 3823 1069 3899 redierit,
1090 3823 1255 3906 periculum
1269 3824 1372 3898 instet,
1387 3823 1445 3888 nisi

181 3932 302 3986 strenue
335 3923 447 4007 aliquid
480 3923 683 4006 providerint,
715 3923 771 3988 illa
796 3944 898 3988 rursus
927 3925 1055 3988 honesta
1072 3924 1205 4005 jactare,
1228 3924 1444 4006 poenitentiam

183 4043 283 4106 agere,
304 4025 424 4088 veniam
447 4025 550 4089 delicti
571 4045 700 4108 sperare.
734 4024 802 4098 Quo
824 4033 957 4109 ternpore
977 4026 1041 4107 jam
1062 4045 1120 4089 sua
1140 4033 1248 4108 sponte
1262 4026 1444 4088 sententiam

184 4125 302 4190 sortiter
333 4125 431 4190 tuenti
463 4127 566 4190 nutrix
597 4126 674 4190 satis
707 4127 817 4192 acriter
848 4127 1002 4202 subvenit,
1034 4146 1126 4209 quum
1154 4127 1198 4192 ita
1218 4126 1251 4190 iu
1272 4126 1443 4209 AEgisthum

186 4225 353 4292 invehitur:

428 4327 577 4399 Subripere
598 4327 697 4388 doctus
718 4328 816 4386 fraude
837 4328 956 4402 genialia
976 4330 1052 4384 toros

429 4415 516 4483 Quem
537 4431 637 4472 venare
659 4419 773 4474 tantum
794 4418 895 4472 ecimus
914 4415 1018 4471 illicita.
1039 4415 1145 4480 virum,

426 4502 540 4558 Facesae
560 4519 678 4576 propere
699 4520 733 4560 ac
754 4503 871 4562 dedecus
892 4505 994 4560 nostra
1015 4501 1112 4558 domus

427 4589 549 4662 deporta
570 4591 607 4646 ab
629 4591 728 4657 oculis:
751 4590 811 4648 hee
832 4594 917 4648 vacat
938 4589 999 4662 regi
1020 4589 1091 4646 rire.

980 4695 1007 4733 v.
1031 4671 1211 4731 299—302.

1273 4790 1312 4854 12
