3554 5406
366 515 406 572 24
858 517 889 574 G.
912 519 944 574 Ε.
966 517 1138 575 Saudslrbm.

449 688 522 750 Jam
554 685 693 751 Pbaedra
725 686 911 771 deportatur
942 690 975 754 in
1006 707 1143 766 scenam,
1176 687 1327 769 languida
1358 687 1470 752 stratis
1499 687 1624 760 innixa,

367 786 489 869 pallore
512 795 545 850 et
566 789 665 850 macie
687 788 865 853 deformata
891 791 1124 854 miserabiliter.
1158 789 1278 854 Adstat
1293 789 1417 853 nutrix:
1443 807 1512 870 qum
1528 787 1624 850 modo

366 887 526 951 adflictam
563 889 647 952 berae
680 889 907 967 valetudinem,
929 893 1021 954 modo
1044 911 1117 954 suas
1139 890 1239 973 ipsius
1262 889 1408 954 miserias
1430 889 1622 970 tmdiumque

368 1007 458 1070 aegrae
492 989 653 1052 assidendi
687 991 856 1073 deplorans
879 1001 1063 1056 astuantem
1084 991 1172 1054 illam
1194 999 1227 1056 et
1248 991 1330 1054 latus
1352 990 1526 1054 identidem
1548 1007 1625 1052 ver-

368 1098 489 1152 santem
511 1092 648 1154 sustinet
669 1110 706 1155 ac
729 1093 824 1157 fovet.
856 1091 964 1176 Atque
986 1093 1052 1169 illa,
1075 1093 1145 1156 dom
1168 1091 1379 1176 Hippolytum
1402 1111 1495 1155 unum
1518 1097 1624 1154 mente

369 1199 402 1254 et
433 1191 624 1273 cogitatione
657 1193 808 1269 intuetur,
830 1204 925 1275 prout
946 1213 1056 1276 parum
1080 1195 1209 1275 integrm
1233 1193 1346 1256 mentis
1368 1193 1490 1274 impetn
1513 1193 1625 1267 fertur,

369 1293 460 1356 modo
484 1312 595 1376 aquam
619 1313 658 1356 ex
680 1294 791 1375 gelidis
815 1296 955 1360 fontibus
978 1295 1074 1376 gestit
1094 1294 1233 1370 haurire,
1249 1294 1342 1356 modo
1355 1293 1492 1358 crinibus
1505 1291 1626 1366 effusis,

369 1401 493 1457 armata
527 1394 701 1469 venabulo,
744 1396 898 1460 silvarum
932 1397 1118 1460 solitudines
1152 1414 1327 1477 pererrare,
1358 1394 1451 1458 modo
1475 1413 1623 1476 equorum

368 1495 398 1558 in
421 1515 520 1558 arena
541 1496 660 1559 littoris
683 1515 828 1560 exeruere
844 1497 1003 1560 ferociam.
1039 1499 1085 1562 Ut
1105 1515 1180 1560 vero
1202 1496 1280 1559 illud
1303 1513 1424 1578 quoque
1446 1497 1552 1558 furens
1575 1495 1625 1556 ef·

369 1597 469 1660 fudit:
492 1597 638 1660 miseram
664 1617 698 1660 se
722 1617 800 1672 esse,
822 1617 891 1680 quae
913 1606 979 1661 tarn
1003 1599 1093 1680 longe
1115 1617 1135 1662 a
1156 1597 1293 1661 sanitate
1317 1597 1430 1660 mentis
1451 1596 1625 1659 aberrare-

369 1697 429 1774 rit;
461 1698 602 1762 insanire
636 1698 718 1760 euim
752 1708 785 1762 et
806 1699 934 1762 deorum
957 1700 1006 1762 ira
1029 1719 1098 1762 esse
1119 1705 1328 1782 prostratam
1350 1697 1511 1771 continuo,
1532 1695 1624 1779 quasi

368 1817 456 1881 paene
479 1799 551 1880 ipsa
572 1807 725 1862 secretum
748 1800 935 1881 prodiderit,
958 1800 1107 1864 obvoluto
1130 1800 1235 1882 capite
1258 1799 1449 1863 conticescit.
1492 1799 1543 1861 Ibi
1564 1817 1624 1860 ou·

368 1899 444 1974 trix,
466 1907 599 1981 rogante
622 1900 728 1977 choro,
751 1913 795 1977 ut,
817 1902 972 1983 quodnam
993 1908 1117 1965 tantum
1130 1901 1271 1965 Phaedra
1284 1899 1399 1965 malurn
1411 1889 1572 1973 acciderit,
1584 1915 1625 1960 ne

370 2001 452 2064 celet
483 2001 618 2082 amplius
650 2001 770 2064 amicas
802 2003 946 2066 mulieres
980 2009 1012 2064 et
1044 2002 1169 2079 fidelem
1200 2021 1234 2064 se
1256 2020 1331 2064 vero
1354 2007 1503 2064 stantes
1524 1999 1626 2062 multa

371 2101 483 2165 fecisse
505 2103 684 2184 respondet,
696 2112 730 2166 ut
751 2103 783 2166 iu
806 2105 991 2166 societatem
1014 2103 1125 2166 herilis
1147 2103 1260 2166 secreti
1284 2103 1507 2166 admitteretur
1523 2118 1624 2181 usque

371 2223 461 2276 nuno,
483 2221 673 2286 quamquam
696 2204 753 2268 illa
775 2205 894 2267 frustra
909 2205 1095 2280 ceciderint,
1110 2204 1267 2268 laboranti
1284 2204 1416 2268 domium
1432 2204 1623 2266 defuturam.

371 2302 424 2367 Ad
456 2303 624 2368 Phaedram
657 2304 753 2386 igitur
785 2325 936 2369 conversa
967 2306 1114 2370 omuibus
1136 2325 1204 2368 eam
1228 2306 1373 2387 precibus
1396 2313 1478 2378 orat,
1499 2311 1536 2366 ut
1556 2303 1626 2366 sire

370 2406 415 2468 sit
435 2406 559 2468 morbus
581 2404 669 2481 illud,
692 2424 752 2489 quo
774 2407 905 2482 laboret,
927 2407 995 2470 sire
1017 2409 1103 2489 quod
1125 2407 1211 2470 aliud
1224 2406 1625 2488 malum‚patafaciattau-
1731 2461 1732 2484 ,

372 2505 442 2569 dem
466 2516 498 2569 et
518 2507 662 2587 proferat
682 2507 714 2570 in
737 2507 881 2572 medium.
914 2509 998 2572 Dura
1021 2509 1061 2572 ad
1083 2510 1150 2571 boec
1172 2515 1205 2571 et
1225 2527 1315 2590 poene
1329 2509 1462 2590 superbe
1477 2505 1624 2570 Phaedra:

373 2606 508 2690 quietem
531 2616 623 2689 agat;
655 2608 804 2691 quioquid
833 2617 926 2684 erret,
948 2609 1010 2672 sibi
1032 2617 1132 2673 totum
1159 2628 1276 2684 errare,
1300 2627 1362 2672 uon
1384 2609 1450 2684 illi;
1471 2607 1525 2671 ubi
1548 2624 1624 2669 vero
1731 2621 1732 2624 ’

372 2708 429 2772 illa
472 2709 632 2790 supplices
675 2729 785 2773 manus
829 2711 870 2772 ad
903 2730 1004 2792 genna
1037 2711 1105 2792 ejus
1138 2711 1315 2792 protendit,
1347 2711 1466 2793 pudore
1498 2707 1625 2771 taudem
1731 2713 1732 2718 ’

371 2810 489 2872 veteris
512 2816 544 2872 et
561 2810 664 2873 fidelis
687 2811 810 2874 famulae
831 2811 918 2876 victa
940 2811 1073 2893 obliquis
1095 2811 1198 2894 primo
1213 2811 1318 2874 verbis
1331 2818 1363 2874 et
1374 2809 1541 2892 ambiguis,
1552 2813 1627 2891 post

372 2909 541 2992 Hippolyti
564 2911 691 2974 nornine
713 2932 733 2974 a
754 2912 874 2975 nutrice
896 2913 992 2988 elato,
1015 2919 1124 2994 aperte
1146 2912 1232 2977 illius
1254 2912 1354 2994 ipsius
1366 2931 1473 2976 amore
1486 2907 1625 2974 consumi

372 3032 407 3076 se
429 3013 602 3076 confitetor.
639 3011 711 3084 Qua
732 3031 766 3076 re
789 3013 897 3076 audita
918 3015 1065 3096 perculsa
1086 3033 1205 3097 pavore
1227 3013 1335 3078 nutrix
1356 3013 1465 3078 virere
1486 3031 1521 3075 se
1542 3009 1626 3074 nolle

372 3114 550 3196 proclamat
581 3114 732 3196 amplius:
756 3115 945 3197 quicumque
967 3115 1011 3176 sit
1032 3115 1105 3179 vitea
1126 3115 1276 3198 prmbitus
1298 3115 1412 3190 exitus,
1434 3113 1529 3176 avide
1552 3131 1626 3194 rap-

373 3223 487 3289 turam,
509 3215 760 3298 quandoquidem
782 3217 832 3279 vel
856 3215 966 3298 optimi
988 3216 1130 3280 homines
1151 3215 1246 3280 iuviti
1268 3216 1301 3278 iu
1325 3224 1432 3280 tantas
1453 3211 1627 3296 turpitudi-

373 3335 430 3380 ues
451 3317 577 3399 possint
596 3316 745 3380 incidere.
778 3318 826 3380 At
846 3317 993 3392 Phaedra,
1014 3325 1051 3380 ut
1071 3318 1167 3381 semel
1189 3319 1347 3381 funestum
1370 3315 1448 3379 illud
1471 3323 1626 3379 secretum

373 3415 535 3500 patefecit,
558 3437 664 3481 omnes
685 3435 760 3480 suas
782 3418 1005 3500 cogitationes,
1021 3419 1392 3493 omniaconsilia,totum
1405 3417 1626 3500 deniquepec·

373 3526 426 3582 tus
448 3519 580 3600 ingenue
602 3519 751 3583 recludit:
783 3519 881 3583 multa
903 3539 936 3583 se
959 3519 1014 3584 diu
1037 3527 1069 3583 et
1090 3520 1206 3584 acerba
1227 3519 1355 3596 tulisse;
1375 3519 1474 3582 multa
1488 3517 1626 3599 agitasse

375 3638 443 3683 oum
473 3620 577 3683 animo
600 3639 674 3696 suo;
706 3639 777 3683 narn
799 3620 900 3703 primo
924 3621 1048 3703 quidem
1072 3640 1150 3685 onus
1172 3620 1299 3684 amandi
1321 3620 1432 3683 leviter
1453 3619 1537 3682 ferre
1559 3625 1627 3680 sta·

373 3719 488 3784 tuisse:
520 3720 743 3803 ingravescens
765 3729 867 3785 autem
892 3722 1008 3785 malum
1030 3721 1154 3784 fortiter
1175 3722 1380 3804 repugnando
1403 3726 1549 3784 conatam
1571 3738 1627 3782 ex·

373 3822 547 3905 stinguere:
570 3821 698 3885 sublata
718 3841 795 3886 vero
819 3823 903 3886 oruui
925 3843 980 3905 spe
1002 3823 1154 3886 sanitatis
1166 3831 1261 3905 atque
1272 3822 1407 3904 sepulta,
1419 3821 1626 3884 deliberatum

373 3923 436 3988 sibi
459 3931 491 3986 et
512 3923 718 3987 constitutum
731 3923 830 3988 fuisse
841 3923 997 3988 infelicem
1010 3932 1043 3988 et
1053 3923 1201 3988 infamem
1217 3922 1435 4005 cupiditatem,
1447 3923 1626 4005 priusquam

375 4023 521 4088 mortalis
555 4023 738 4106 cujusquam
765 4024 892 4088 auribus
915 4025 1112 4102 credidisset,
1135 4043 1205 4088 cum
1227 4026 1296 4088 vita
1317 4023 1409 4088 simul
1431 4023 1625 4106 abrumpere.

367 4123 538 4190 “Detestari
561 4127 780 4208 exsecrarique
803 4145 883 4202 eam,
906 4145 973 4208 qum
995 4125 1098 4208 prima
1119 4134 1239 4190 tanturn
1261 4125 1440 4208 conceperit
1460 4125 1573 4200 scelus,
1593 4129 1628 4186 nt

376 4226 473 4290 alieni
507 4226 570 4290 viri
603 4227 788 4292 commercio
822 4227 976 4309 genialem
1016 4234 1118 4291 torum
1151 4228 1316 4310 pollueret
1359 4227 1441 4290 Nam
1475 4245 1566 4308 quem
1587 4224 1627 4287 il-

375 4327 439 4391 laru
462 4327 602 4391 animum
625 4330 771 4410 gessisse,
794 4347 889 4410 quam
913 4329 1034 4404 durum,
1057 4347 1148 4410 quam
1172 4330 1320 4403 ferreum,
1343 4325 1627 4409 quaatantoflagi-

374 4429 421 4492 tio
454 4435 611 4510 suscepto,
642 4438 750 4494 tamen
786 4429 881 4494 rectis
915 4430 1013 4494 oeulis
1034 4437 1144 4512 posset
1164 4429 1279 4494 intueri
1301 4429 1491 4511 gravissima
1512 4427 1628 4509 injuria

375 4529 534 4594 adfectum
568 4530 668 4595 virum
701 4551 799 4613 neque
820 4531 971 4595 tenebras
997 4532 1260 4613 perhorresceret,
1280 4529 1399 4611 impuri
1421 4528 1549 4592 sceleris
1570 4527 1627 4591 ad·

374 4631 517 4712 intrices,
549 4649 651 4716 oeque
685 4639 804 4696 tectum
841 4633 945 4714 ipsum
978 4639 1011 4695 et
1043 4634 1182 4716 parietes
1204 4631 1442 4708 reformidaret,
1474 4650 1523 4708 ue,
1545 4627 1626 4712 quod
