3470 5406
497 483 538 538 De
560 485 592 544 L.
614 485 714 542 Annei
735 483 846 542 Seueoae
868 483 1040 558 ngoediis.

386 654 529 741 γλαυκῆς
548 651 681 739 ὀπώρας
701 652 781 720 aiore
801 657 916 730 πίονος
936 653 1039 720 notoni

387 761 546 840 χυθέντος
566 757 599 834 ἐς
619 761 681 845 γῆν
702 758 847 839 Βακχίας
869 754 927 822 ἀπ’
949 753 1107 841 ἀμπέλου.

50 903 52 918 ,
942 860 1044 916 Traeh.
1070 863 1206 918 tet-4.

146 948 243 1015 intio
265 947 324 1012 ltoo
346 955 437 1029 paeto
459 947 585 1010 dilatat:

390 1047 478 1104 Nives
499 1049 533 1106 ut
554 1049 642 1104 Eurus
663 1047 748 1106 solvit
769 1049 819 1104 eut
840 1047 952 1117 tepidus
973 1050 1057 1104 notus

388 1134 461 1202 Ques
483 1151 547 1191 vere
570 1134 661 1206 primo
683 1135 806 1192 lubricus
828 1134 921 1205 perdit
943 1135 1063 1190 Mimans

388 1222 481 1292 thue
503 1222 631 1279 evolutos
653 1221 760 1295 frangit
782 1223 857 1278 ionio
879 1222 938 1278 salo

388 1307 526 1379 Opposita
548 1309 648 1364 fluotuu
670 1307 775 1365 teucos
798 1313 826 1366 et
848 1308 936 1364 leseue
957 1311 1050 1365 tumor

387 1393 420 1450 In
442 1395 526 1451 litore
548 1395 607 1467 ipso
630 1398 744 1466 spumet
766 1399 816 1452 aut
839 1395 994 1452 coelestibus

386 1483 507 1554 Aspersa
528 1481 627 1552 tepida
647 1486 713 1540 ture
735 1482 868 1539 laxentur
890 1483 972 1538 loeis:

385 1569 431 1625 Sin
454 1569 571 1641 languet
593 1586 674 1627 omne
697 1570 786 1627 vellus
807 1574 836 1627 et
858 1569 952 1641 perdit
974 1583 1068 1624 onmes

385 1657 514 1727 Dumque
536 1655 593 1714 tete
614 1657 714 1724 miror,
738 1672 823 1714 eausa
845 1656 966 1714 mirandi
989 1655 1071 1727 perit.

950 1761 976 1800 v.
1002 1743 1160 1800 uae-to.

145 1861 204 1926 Sed
226 1861 267 1925 ad
290 1881 350 1928 rem
373 1871 568 1928 revertamur.

227 1964 322 2046 Apud
355 1964 536 2047 Sophoclem
570 1961 733 2045 Dejanira‚
765 1974 800 2029 ut
828 1965 958 2048 primum
981 1967 1021 2030 ab
1042 1967 1134 2050 Hyllo
1156 1963 1290 2045 aceepit,
1311 1985 1411 2049 quun·

143 2072 205 2128 tom
241 2066 313 2130 meli
346 2067 455 2132 marito
488 2067 661 2148 imprudens
683 2067 842 2144 inflixerit,
873 2067 978 2132 statim
1002 2067 1097 2132 teuita
1119 2076 1150 2129 et
1169 2065 1348 2148 pudibunde
1369 2071 1408 2134 ad

113 2172 127 2188 “
143 2165 328 2231 moriendum
350 2168 474 2233 secedit.
518 2167 611 2248 Apud
633 2167 712 2231 huno
732 2187 805 2232 vero
827 2189 1017 2252 nequaquam
1040 2178 1104 2233 tam
1124 2169 1223 2250 quiete
1239 2185 1285 2230 res
1302 2169 1409 2252 agitur.

144 2266 337 2332 Decantetur
368 2269 511 2333 continuo
543 2270 597 2333 illa
630 2269 797 2347 cantilena,
830 2291 920 2353 quarn
948 2271 1056 2335 harum
1081 2267 1303 2349 tragoediarum
1329 2273 1411 2336 nulla

144 2387 200 2431 non
226 2369 320 2432 hebet
342 2371 567 2453 instituiturque
589 2371 788 2454 grandissima
809 2373 863 2434 illa
885 2372 1053 2446 dubitatio,
1085 2371 1283 2452 suspendioue
1307 2373 1411 2436 melius

142 2490 179 2532 en
202 2473 283 2534 ferro
305 2492 343 2535 an
366 2472 506 2536 fabuloso
529 2473 630 2555 aliquo
652 2473 802 2556 supplicio
826 2474 890 2536 vita
904 2473 1043 2537 finiatur:
1066 2492 1156 2556 quum
1171 2472 1291 2534 interim
1307 2475 1411 2537 nutrix

144 2580 175 2634 et
194 2572 309 2656 Hyllus
332 2573 363 2637 in
385 2573 450 2637 vite
472 2593 538 2636 eam
561 2575 689 2638 retinere
711 2583 866 2638 conentur.
910 2573 961 2638 Ad
984 2584 1169 2650 extremum,
1191 2584 1334 2654 sequente
1355 2585 1409 2638 ta-

145 2691 211 2737 men
236 2674 344 2757 Hyllo,
365 2675 397 2739 in
419 2675 590 2738 interiorem
612 2695 645 2739 se
667 2676 787 2739 domum
809 2677 946 2758 proripit.

226 2775 376 2839 Adfertur
404 2777 470 2856 jam
502 2777 664 2850 Hercules,
698 2778 748 2860 qui
776 2779 858 2841 solus
887 2777 1001 2859 primo,
1034 2786 1098 2841 tum
1127 2796 1227 2840 coram
1248 2775 1413 2855 Alcmene,

145 2875 228 2939 brevi
251 2886 321 2958 post
341 2877 403 2939 lilio
426 2895 543 2960 quoque
567 2886 598 2941 et
620 2877 793 2943 Philocteta
814 2879 1032 2960 praesentibus,
1064 2889 1239 2961 perpetuum
1263 2881 1414 2961 ampulla-

147 2995 211 3040 rum
244 2986 510 3060 portentorumque
542 2979 651 3042 flumen
684 2980 824 3042 effundit.
876 2980 946 3043 Non
970 2989 1072 3062 potest
1093 2980 1141 3043 hio
1163 2980 1245 3043 locus
1268 2980 1414 3044 describi:

146 3077 262 3160 legatur
284 3099 406 3142 neeesse
429 3089 492 3154 est,
512 3091 564 3155 ut,
585 3080 682 3162 qualis
703 3081 745 3144 sit
753 3125 763 3156 ,
784 3082 874 3163 plane
895 3080 1090 3162 intelligetur.
1134 3078 1195 3151 Qui
1217 3089 1317 3144 autem
1333 3082 1413 3163 lege-

147 3179 199 3255 rit,
232 3179 375 3263 quidnam
407 3180 447 3242 sit
474 3181 625 3262 turgidum
647 3201 741 3264 genus
764 3182 899 3257 dicendi,
930 3184 1068 3263 proiecto
1092 3201 1253 3264 numquam
1275 3183 1413 3263 requiret.

146 3279 256 3345 Elucet
277 3289 377 3343 tamen
400 3281 429 3344 in
452 3282 509 3346 heo
531 3283 710 3365 ineptiarum
733 3284 989 3366 ampullarumque
1011 3283 1179 3363 farragine,
1201 3291 1355 3365 tamquam
1379 3283 1410 3346 iu

148 3382 225 3445 lamo
255 3382 404 3457 scintilla,
425 3382 451 3445 is
473 3383 571 3458 leons,
593 3404 683 3466 quum
705 3385 854 3448 Hercules
876 3386 980 3448 audite
1003 3383 1137 3464 conjugis
1159 3390 1254 3446 morte
1276 3385 1412 3465 cognito·
1434 3449 1439 3457 ,

148 3501 217 3563 que,
249 3483 280 3546 in
314 3492 459 3565 quentum
488 3485 602 3548 melum
631 3485 788 3558 inciderit.
821 3485 979 3567 antiquum
1008 3485 1157 3567 quoddam
1180 3484 1334 3548 oraculum
1356 3486 1414 3550 hou

149 3592 258 3649 eventu
291 3585 518 3666 comprobatum
551 3586 689 3667 agnoseit
722 3596 753 3649 et
775 3585 913 3650 omuibus
935 3585 1062 3669 querelis
1084 3585 1212 3666 abjectis
1233 3585 1307 3651 nihil
1330 3587 1413 3651 aliud

150 3685 225 3764 agit,
247 3705 338 3768 quam
361 3694 411 3763 ut,
433 3706 555 3750 auorum
577 3688 667 3750 rebus
689 3687 881 3762 constitutis,
903 3687 984 3770 ipse,
1007 3707 1095 3769 quem
1119 3687 1317 3770 pulcherrime
1339 3709 1412 3771 poe·

150 3786 206 3862 sit,
226 3786 356 3852 excedet
377 3807 393 3848 e
414 3787 494 3851 vita:

390 3888 485 3944 Habet
506 3893 653 3958 petentum
674 3893 730 3955 est,
753 3888 814 3946 lete
836 3906 865 3944 se
886 3892 984 3946 nostre
1005 3890 1150 3960 explicant

387 3975 448 4030 Lux
469 3975 525 4032 ieta
546 3994 655 4035 summe
676 3980 731 4034 est:
754 3993 872 4048 quernus
893 3977 967 4032 hano
988 3980 1092 4035 sortem
1114 3975 1185 4034 mihi

388 4061 517 4118 Fatidica
540 4064 682 4134 quondam
703 4064 826 4121 dederat.
854 4094 1154 4110 -----

388 4148 438 4205 Nil
459 4150 601 4220 querimur
622 4153 712 4208 ultre:
735 4151 829 4207 denuit
850 4151 926 4206 hune
948 4151 1032 4206 finem
1054 4152 1130 4217 dari,

387 4235 430 4291 Ne
452 4237 515 4306 quie
536 4243 674 4309 superstes
694 4238 809 4294 Herouli
830 4239 921 4295 vietor
942 4237 1024 4295 foret.

386 4322 469 4378 Nune
490 4341 564 4380 more
585 4326 698 4399 legatur
719 4326 798 4382 elau-a
818 4325 999 4382 memoranda
1020 4325 1130 4381 incluta
1196 4319 1202 4330 '

388 4410 433 4466 Me
454 4411 543 4484 digna
564 4430 688 4483 prorsus:
712 4413 835 4470 nobilem
858 4411 933 4467 hune
954 4411 1059 4467 fecium
1080 4410 1164 4466 diem.

940 4517 969 4555 v.
995 4497 1179 4563 luto-78,
1206 4492 1386 4552 rtet-eo.

231 4615 380 4682 Consistit
401 4616 431 4681 in
454 4618 511 4682 hoo
533 4618 600 4682 looo
622 4617 782 4700 Sophoclis
805 4619 925 4684 fabule:
957 4620 1023 4685 haue
1049 4636 1120 4681 vero
1150 4615 1306 4698 aliquanto
1327 4616 1414 4700 plura

153 4718 382 4798 eompreheudit.
426 4720 507 4785 Nem
540 4719 669 4803 primum
702 4720 844 4793 Herculia
876 4721 1021 4786 interitus
1044 4725 1203 4788 uertatur:
1226 4737 1286 4800 que
1307 4737 1415 4781 nerra·
