3554 5406
576 523 617 578 De
639 522 670 579 L.
694 521 792 580 Annei
814 522 923 578 Seneca
944 521 1115 594 Tragoediis.
1439 531 1475 586 17

222 693 432 779 guliquoque
455 713 563 758 versus
589 695 752 776 utriusque
774 702 875 776 poetee
898 692 1071 760 declarant.
1105 695 1189 758 Nem
1212 717 1279 779 quae
1301 703 1480 783 upudhuoc

222 796 448 860 Andromacha
470 797 559 860 dicit:

814 896 898 950 ilium
919 897 998 953 vobis
1018 895 1110 962 modo,

463 984 533 1038 Mihi
555 983 656 1040 cecidit
678 983 755 1048 olim,
779 999 843 1038 cum
864 983 937 1038 ferus
959 1001 1042 1040 curru
1062 983 1150 1040 incito

463 1072 527 1126 Mea
548 1071 674 1126 membra
694 1070 806 1140 raperet
828 1071 857 1125 et
879 1070 960 1143 gravi
981 1074 1105 1142 gemeret
1126 1088 1193 1128 sono

463 1158 590 1216 Peliacus
611 1159 671 1212 axis
692 1156 814 1228 pondere
836 1157 972 1214 Hectoreo
994 1160 1124 1214 tremens.

1014 1263 1042 1301 v.
1067 1243 1226 1300 421-24.

221 1366 340 1430 Eadem
364 1366 403 1428 ab
426 1365 536 1428 eadem
559 1363 591 1428 in
619 1365 845 1429 Andromacha
868 1365 977 1429 sabula
998 1365 1044 1428 sic
1067 1365 1222 1430 dicuntur:

420 1483 423 1490 ·
462 1465 534 1548 ἐμοὶ
555 1464 591 1530 δὲ
613 1466 761 1542 θάνατος
782 1462 841 1548 οὐχ
862 1465 943 1532 οὕτω
965 1462 1067 1554 βαρὺς

413 1559 512 1644 ΙὫς
534 1573 585 1633 σαὶ
607 1567 770 1636 δέδοκται·
793 1579 885 1634 κεῖνα
904 1565 968 1652 γὰρ
988 1571 1021 1653 μ’
1039 1563 1216 1644 ἀπώλεσεν,

389 1741 391 1744 ,
458 1665 531 1736 Ὀθ’
552 1667 571 1758 ἡ
591 1671 731 1736 τάλαινα
752 1669 845 1748 πόλις
866 1668 1027 1759 ἄναλώθρ
1049 1671 1189 1757 Φρυγῶν

464 1774 564 1849 Πόσις
586 1769 624 1839 θ’
644 1769 663 1840 ὃ
684 1771 817 1851 κλεινός.

1017 1893 1044 1931 v.
1070 1875 1208 1932 454-7.

227 1959 353 2023 Similia
374 1960 440 2024 haec
458 1983 582 2046 quoque
604 1970 691 2027 sunt:

466 2061 558 2122 Grave
580 2063 688 2135 pondus
710 2063 792 2118 illum
813 2080 918 2135 magno
940 2061 1075 2119 nobilitas
1097 2063 1210 2132 premit.

1024 2169 1051 2205 v.
1077 2151 1149 2205 500.

463 2234 498 2303 cd
520 2235 549 2301 d
570 2234 694 2304 erecto
715 2231 773 2302 oriar
794 2231 974 2325 cir'aeoopdv
995 2231 1080 2320 ἦλθε
1100 2241 1152 2302 σοὶ
1173 2235 1303 2321 πατρός.

226 2423 322 2505 Apud
344 2424 497 2489 Senecam
520 2425 749 2490 Andromacha
772 2429 942 2492 Hectorem
964 2427 1005 2490 ad
1019 2339 1303 2510 Ίοξοιῖᾔατεαάαια
1319 2427 1487 2511 implorat:

226 2524 373 2590 similiter
395 2527 481 2609 epod
503 2527 703 2610 Euripidem:

466 2622 524 2693 οὖν
544 2628 626 2695 εἶσιν
641 2628 758 2716 Ἕκτωρ
779 2623 904 2702 κλεινὸς
925 2623 1077 2717 ἁρπάσας
1097 2627 1176 2716 δόρυ

464 2732 523 2816 γῆς
543 2728 733 2810 ἐξανελθὼν
755 2735 806 2796 ool
828 2731 937 2818 φέρων
959 2734 1132 2817 compium

1016 2834 1064 2891 Tr.
1091 2834 1228 2891 752-3.

226 2950 264 3012 In
286 2952 375 3033 pueri
397 2971 473 3016 vero
496 2953 756 3035 comploratione,
778 2975 869 3037 quam
892 2955 1062 3038 Euripides
1085 2955 1239 3037 duplicem
1262 2953 1339 3018 iecit
1359 2991 1399 3001 -
1414 2973 1488 3018 nam

228 3061 260 3115 et
291 3053 519 3118 Andromacha
550 3055 658 3119 vivum
692 3063 724 3119 et
751 3057 883 3120 Hecuba
910 3064 1067 3121 mortuum
1091 3058 1186 3120 deflet
1206 3091 1248 3103 —
1271 3075 1365 3139 quum
1386 3055 1487 3120 multe

227 3153 290 3216 aliu
312 3164 490 3232 occurrunt,
512 3175 581 3239 quae
604 3159 799 3241 expressisse
822 3157 943 3222 Seneca
965 3158 1102 3234 videtur,
1116 3166 1183 3222 tum
1195 3157 1274 3222 illud
1289 3157 1489 3240 potissimum

228 3256 387 3320 adieram:
968 3261 972 3270 '

468 3353 587 3435 ὥπαῒ,
610 3357 771 3446 dexerim,-
793 3358 948 3426 αῑσθαὶνα
970 3360 1080 3426 κακῶν
1101 3361 1218 3432 oedem

466 3463 497 3525 ui
516 3482 579 3545 μου
599 3460 755 3550 δέδραξαι
775 3468 863 3551 χερσὶ
884 3459 1027 3546 adnexos
1047 3460 1195 3539 πέπλωνς

1022 3565 1069 3622 'Im
1093 3583 1120 3622 v.
1146 3562 1306 3622 749-50.

230 3645 351 3712 Seneca
373 3657 479 3714 autem
502 3651 560 3716 sic:

469 3751 599 3811 Miserere
620 3757 711 3812 mater
736 3785 771 3796 --
797 3753 866 3824 quid
886 3771 963 3811 meos
984 3755 1087 3812 retines
1108 3753 1184 3810 sinus

469 3839 624 3913 Menusqne
644 3842 764 3900 metris?

1022 3947 1050 3984 v.
1075 3927 1214 3984 802-3.

311 4042 376 4108 Sed
408 4045 491 4126 apud
523 4047 709 4130 Euripidem
744 4067 806 4112 non
834 4047 958 4112 resistit
987 4047 1215 4113 Andromache
1236 4065 1367 4128 puerum
1389 4046 1491 4112 abdo·

230 4143 312 4208 centi
345 4145 517 4229 Talthybio
549 4149 803 4232 necessitatique,
836 4169 932 4233 quam
963 4149 1017 4213 ille
1039 4147 1318 4231 inexpugnabilem
1342 4137 1411 4211 esse
1434 4149 1491 4212 de-

231 4253 397 4322 monstrat,
428 4248 514 4312 cedit
534 4250 689 4331 protinus:
722 4258 758 4315 at
778 4253 864 4334 apud
886 4250 1075 4333 Sophoclem
1096 4250 1130 4313 in
1153 4249 1274 4326 fabola,
1297 4267 1364 4330 quae
1386 4267 1486 4330 grece

230 4344 470 4428 Alypsutoutdrc
490 4359 632 4424 vocatur,
655 4360 803 4434 quantum
827 4373 867 4416 ex
890 4351 1074 4434 fragmentis
1096 4349 1253 4433 suspicari
1275 4349 1361 4424 licet,
1383 4357 1415 4412 et
1436 4369 1490 4412 oc·

231 4447 371 4511 cultutus
404 4452 446 4513 ab
480 4471 518 4514 ea
539 4453 668 4517 videtur
687 4473 766 4536 puer
787 4460 821 4517 et
841 4472 861 4516 a
883 4453 1024 4516 satellite
1046 4453 1182 4534 quodam
1205 4451 1420 4534 deprehensus
1441 4451 1490 4514 U-

230 4548 290 4612 lixi
312 4550 355 4613 ad
376 4549 624 4619 interficiendum
646 4553 834 4640 tredituel).
867 4553 959 4628 Quod
981 4554 1063 4618 siin
1085 4554 1194 4618 eadem
1217 4551 1336 4627 subula,
1357 4551 1391 4614 id
1406 4551 1489 4632 quod

301 4747 322 4824 ¹)
342 4753 476 4811 welle
497 4753 608 4814 cesi.
630 4755 715 4829 neg.
737 4757 761 4822 1,
787 4757 858 4813 rur.
1310 4835 1355 4900 '3
