3554 5406
552 473 594 530 ne
615 471 647 532 n.
668 471 768 531 mne:
788 470 897 530 anae
916 471 1088 544 neaera.
1324 417 1330 433 ⁸
1421 471 1457 536 ar

293 643 385 718 Quod
419 641 446 706 si
479 641 622 706 volumus
655 661 805 726 quaerere,
839 641 988 726 quidnam
1016 641 1112 705 fuerit
1134 659 1247 715 causa,
1268 646 1465 705 cur'tentam

207 745 340 810 numicis
362 744 609 809 inconstantiam
632 751 728 826 poeta
757 743 931 825 effingeret,
953 743 985 806 id
1007 763 1067 806 non
1091 761 1167 806 sane
1189 741 1317 824 penitus
1339 740 1462 805 latebit.

207 847 290 910 Nam
312 847 445 928 probam
469 845 594 928 quidem
617 865 686 908 eam
708 845 826 926 primus
849 854 937 907 actus
960 843 1162 907 desiderabat
1184 851 1216 906 et
1236 843 1412 918 honestum,
1428 850 1464 906 nt

119 980 127 996 ·
207 956 302 1024 esset,
325 947 411 1028 cujus
432 946 464 1010 in
488 946 628 1009 consiliis
643 946 829 1027 spernendis
845 946 979 1008 Phaedra
993 946 1129 1009 furorem
1147 952 1346 1027 expromeret
1359 963 1461 1008 suum:

207 1049 291 1131 qnod
313 1047 376 1112 nisi
397 1048 445 1110 ita
467 1047 658 1110 instituisset
679 1054 786 1129 pocta,
801 1065 894 1128 quam
911 1046 1007 1109 multa
1024 1046 1061 1108 de
1075 1045 1144 1108 vita
1161 1046 1363 1128 moribusque
1380 1065 1464 1127 prae·

207 1158 300 1232 cepta
321 1149 489 1231 perissent,
512 1167 606 1230 quam
630 1148 736 1210 multea
759 1168 819 1211 uon
843 1155 925 1210 natae
946 1155 1052 1211 essent
1072 1156 1191 1228 arguta
1202 1146 1377 1230 lepidaeque
1389 1165 1463 1210 sen·

206 1250 331 1316 tentia!
374 1248 483 1315 Aliam
515 1269 591 1312 vero
623 1249 795 1331 procedens
827 1249 985 1328 negotium
1010 1247 1199 1330 requirebat,
1222 1247 1313 1329 louge
1336 1247 1377 1310 ab
1399 1247 1464 1311 ista

206 1350 467 1434 magnanimitate
490 1357 642 1413 remotam
666 1358 698 1414 et
719 1350 819 1430 magis
842 1369 881 1412 ex
902 1349 1026 1430 vulgari
1049 1349 1141 1413 istius
1164 1348 1286 1431 generis
1300 1348 1462 1412 hominum

206 1462 283 1516 uota
306 1461 337 1516 et
358 1471 427 1535 quea
451 1470 551 1534 neque
573 1469 630 1532 pro
657 1469 763 1514 amore
785 1449 920 1515 domina
942 1451 1171 1532 turpitudinem
1193 1469 1295 1534 neque
1311 1451 1410 1514 scelus
1426 1467 1464 1514 nc

207 1554 329 1617 lacinus
351 1572 409 1635 pro
432 1553 536 1616 salute
558 1554 759 1616 detrectaret.
792 1551 934 1615 Nutricis
956 1553 1039 1616 enim
1064 1551 1205 1617 consiliis
1228 1551 1333 1614 omnia
1349 1560 1463 1633 postea

207 1655 400 1738 diriguntur:
434 1653 492 1716 illa
523 1653 731 1738 Hippolytum
757 1658 902 1734 temptat,
924 1653 965 1716 ab
987 1654 1043 1717 illa
1065 1651 1155 1717 dolus
1176 1655 1209 1718 in
1233 1654 1364 1717 eundem
1388 1672 1464 1717 oon-

207 1756 352 1820 nectitur.

289 1857 353 1922 Sed
385 1855 563 1940 temptandi
596 1855 674 1920 illud
706 1856 864 1938 negotium
899 1855 1063 1921 videamus
1092 1856 1286 1939 quambene
1308 1857 1463 1940 perficiat.

209 1958 331 2023 Omitto
353 1957 435 2022 euim
459 1957 702 2039 descriptionem
727 1957 859 2021 furentis
881 1957 1023 2023 Phaedra
1046 1957 1315 2022 verbosissimam:
1331 1970 1464 2043 preter-

208 2079 244 2124 eo
277 2059 373 2124 etiam
405 2058 472 2135 illa,
504 2059 558 2122 nbi
595 2059 731 2123 Phaedra
762 2059 796 2122 iu
832 2059 974 2123 habitum
1007 2060 1178 2123 venatricis
1202 2067 1340 2125 ornatur.
1383 2061 1466 2126 Illud

206 2160 304 2244 igitur
325 2162 460 2244 primum
483 2159 683 2237 admirabile,
705 2161 789 2243 qnod
808 2161 918 2224 nutrix
935 2161 1114 2245 Hippolyto
1134 2171 1274 2241 aspecto,
1287 2181 1383 2245 quum
1398 2183 1463 2228 ram

207 2263 310 2346 ipsam
333 2271 381 2328 ast
403 2281 602 2343 aggressura,
624 2262 761 2326 aDiaua
776 2263 976 2344 potissimum
991 2283 1081 2344 opem
1095 2271 1127 2325 et
1139 2262 1292 2326 auxilium
1304 2275 1464 2346 precatur.

206 2365 354 2447 Apparet
375 2383 414 2426 ue
436 2364 572 2428 Dianam
597 2363 722 2447 quidem
746 2365 879 2428 eandem
903 2365 988 2447 apud
1011 2365 1163 2428 Senecam
1186 2383 1254 2428 esse
1269 2373 1365 2449 atque
1381 2365 1464 2448 apud

205 2465 405 2549 Euripidem3
437 2485 532 2549 quum
568 2465 635 2528 illic
666 2465 756 2546 virgo
783 2465 960 2546 virginitati
988 2474 1022 2528 et
1043 2466 1156 2529 coelibi
1178 2466 1252 2530 vitae
1274 2469 1391 2541 faveat,
1413 2468 1475 2531 hic·

206 2563 240 2630 ln
272 2566 485 2650 impurissimo
508 2565 662 2629 lenocinio
684 2567 858 2630 invocetur.
901 2568 985 2631 Ecce
1007 2576 1111 2631 eutem
1136 2568 1337 2651 conqueritur
1358 2570 1465 2633 nutrix

207 2675 274 2732 :nn
297 2677 387 2750 turpe
410 2667 569 2748 negotium
593 2667 654 2731 sibi
677 2687 747 2732 esse
769 2667 968 2732 mandatum:

447 2801 648 2872 Trepidamus‘?
670 2803 747 2858 hand
768 2805 810 2859 est
831 2802 915 2858 facile
936 2801 1102 2859 mandatnm
1123 2803 1212 2860 scelus

447 2887 565 2954 Audere,
589 2906 686 2946 verum
704 2890 783 2962 justa
804 2889 853 2960 qui
874 2907 954 2962 reges
975 2891 1058 2946 timet

448 2975 587 3046 Deponat,
612 2993 693 3032 omne
714 2978 805 3046 pellat
827 2993 861 3032 cx
882 2978 977 3033 auimo
999 2976 1095 3032 decus:
1202 2974 1207 2986 '

447 3061 539 3118 Malus
560 3065 603 3119 est
624 3063 751 3120 minister
773 3063 845 3136 regii
865 3064 977 3134 imperii
998 3065 1097 3134 pudor.

998 3169 1025 3207 v.
1052 3147 1189 3208 tat-8.

290 3284 459 3350 Mentitur:
483 3287 701 3352 misericordia
723 3289 805 3352 enim
828 3297 995 3364 commota,
1018 3309 1080 3352 nou
1102 3289 1215 3352 timore
1238 3286 1279 3350 ad
1301 3285 1366 3348 tale
1389 3305 1464 3348 con·

207 3385 313 3450 silium
347 3387 561 3452 descenderat.
604 3389 784 3453 Instituitur
816 3391 930 3454 deinde
963 3390 1149 3473 colloquium
1184 3407 1252 3452 cnm
1276 3385 1465 3469 Hippolyto.

206 3487 449 3569 Exspectamus,
471 3496 506 3552 nt
528 3490 636 3554 sedern
658 3492 724 3554 fere
747 3491 841 3568 dicat,
864 3511 930 3574 qum
953 3491 1063 3554 nutrix
1084 3491 1141 3554 illa
1163 3489 1249 3572 apud
1263 3487 1464 3568 Euripidem:

208 3588 495 3671 frequentissimum
529 3611 598 3654 esse
627 3593 749 3655 facinus
771 3601 930 3674 stuprum;
952 3592 1102 3655 facillime
1124 3610 1218 3673 posse
1241 3588 1391 3653 occultari
1399 3607 1409 3664 ;
1431 3594 1466 3651 ut

207 3689 318 3753 laudet
349 3689 462 3754 deinde
484 3692 617 3756 formam
641 3692 784 3757 Phaedrae
807 3693 982 3774 sensimque
1005 3694 1046 3755 ad
1069 3693 1268 3774 voluptatem
1289 3689 1464 3774 juvenilem

207 3791 346 3854 animum
379 3792 543 3872 perducat.
586 3794 676 3858 Nihil
709 3795 820 3858 miuus.
863 3795 968 3856 Docta
990 3794 1072 3858 enim
1097 3794 1209 3859 mulier
1230 3799 1263 3856 et
1284 3812 1351 3874 qua
1374 3789 1466 3854 andi-

207 3892 292 3954 verit
313 3893 436 3956 ratione
459 3901 491 3956 et
514 3894 622 3958 ordine
645 3895 749 3960 omnia
770 3915 838 3958 esse
861 3894 992 3976 agenda,
1015 3914 1109 3978 quum
1131 3892 1466 3958 boomaximevideat

208 3992 346 4069 obstare,
368 4015 405 4057 ne
428 3995 564 4058 Phaedra
585 4015 691 4060 amore
712 3996 867 4077 potiatur,
895 3997 977 4078 quod
1000 3996 1111 4059 duram
1135 3995 1331 4078 Hippolytus
1354 4000 1386 4055 et
1407 3991 1467 4054 ab·

208 4093 388 4158 horrentem
422 4113 442 4157 a
476 4096 600 4160 Venere
633 4097 788 4160 rationem
810 4097 885 4160 vita
907 4097 1091 4179 susceperit,
1112 4096 1247 4178 primum
1270 4094 1408 4158 omnium
1431 4091 1464 4156 id

204 4193 358 4273 judicium
380 4196 579 4260 refutandum
601 4205 702 4279 putat,
724 4206 759 4262 ut
785 4199 957 4262 seueritate
979 4206 1101 4262 remota
1124 4197 1296 4261 faciliorem
1318 4215 1353 4258 se
1373 4195 1465 4274 juve-

209 4295 258 4358 nis
289 4305 430 4378 praestet.
472 4297 524 4361 Ita
547 4299 606 4362 hoc
628 4299 752 4380 quidem
778 4299 847 4363 loco
870 4299 990 4362 nullum
1014 4300 1052 4364 de
1074 4318 1108 4361 re
1130 4297 1202 4379 ipsa
1224 4297 1370 4360 audietur
1391 4313 1465 4358 ver-

208 4397 299 4474 bum;
333 4399 515 4462 instituetur
547 4407 653 4463 autem
687 4401 726 4463 de
757 4401 938 4482 voluptaria
966 4400 1035 4464 vita
1056 4407 1089 4462 et
1109 4419 1221 4462 severa
1246 4399 1280 4462 in
1302 4404 1465 4477 utramque

208 4505 332 4578 partem
360 4500 529 4564 contentio.
571 4500 622 4564 Ao
652 4501 760 4564 nutrix
781 4502 906 4585 quidem
929 4501 1107 4583 epicuream
1129 4500 1197 4582 agit
1217 4499 1465 4578 adhortaturque

205 4598 365 4679 juvenem,
397 4609 433 4664 nt
464 4601 667 4666 severitatem
690 4603 764 4667 vitea
785 4603 912 4668 Baccho
935 4612 968 4668 et
988 4604 1114 4667 Venere
1136 4601 1326 4665 moderetur.
1371 4595 1464 4670 Quod

208 4707 244 4768 ut
264 4701 438 4780 confirmet,
459 4701 527 4768 hae
547 4703 641 4768 affert
661 4703 795 4770 similia:
