3508 5404
349 533 388 588 72
840 531 870 589 G.
894 533 925 588 ll.
948 533 1120 588 Sandstrdm.

430 702 494 766 Sed
528 710 563 765 ut
585 701 723 765 eminere
745 703 825 766 hunc
847 703 949 766 locum
969 703 1077 784 judico
1100 701 1288 766 mollissima
1310 702 1445 784 quadarn
1468 709 1604 784 paternae

324 802 551 884 ‚indulgentiae
584 803 719 884 pictura,
752 803 799 866 ita
831 804 864 866 in
885 805 1033 868 Herculis
1055 824 1193 886 persona
1214 803 1436 866 fortitudinem
1459 813 1491 864 et
1512 803 1605 866 robur

350 905 510 968 desidero:
545 910 580 966 ut
612 903 682 985 plns
705 905 801 967 multo
824 905 943 970 vidisse
970 906 1117 968 videatur
1140 905 1320 986 Euripides,
1343 905 1395 986 qni
1417 904 1552 986 ignaviae
1573 913 1605 966 et

347 1005 576 1069 imbecillitatis
600 1006 777 1086 opinionem
802 1007 949 1083 veritum,
972 1026 1066 1088 quam
1090 1006 1223 1080 Seneca,
1246 1006 1299 1088 qui
1323 1005 1603 1087 patrisvoluntete

350 1115 382 1170 et
403 1107 547 1188 precibus
570 1115 714 1170 coactum
737 1107 945 1190 deponentem
969 1127 1036 1171 eum
1059 1107 1138 1170 illud
1162 1106 1329 1170 consilium
1353 1107 1441 1170 facit.

430 1239 479 1304 Ae
502 1241 540 1304 de
562 1248 744 1323 argumento
768 1242 891 1324 quidem
915 1243 1007 1323 hujus
1030 1242 1201 1323 tragoediae
1224 1242 1301 1304 satis
1324 1241 1439 1304 dicturo
1464 1259 1531 1303 esse
1554 1259 1606 1302 ar-

348 1342 465 1406 bitror:
500 1343 539 1405 de
573 1343 698 1406 ratione
720 1363 840 1426 quoqne
864 1343 932 1425 ejus
956 1343 1103 1406 universa
1125 1344 1200 1426 quid
1223 1350 1309 1405 esset
1327 1342 1540 1424 judicandum,
1562 1340 1606 1404 si-

347 1443 540 1526 gnificatum,
564 1454 599 1508 ut
621 1444 744 1526 opinor,
766 1444 855 1508 satis.
888 1445 969 1508 Nam
991 1445 1057 1508 alia
1079 1465 1118 1508 ex
1140 1445 1190 1520 iis,
1214 1464 1282 1528 quae
1304 1443 1478 1525 Euripidis
1492 1442 1604 1506 fabulae

347 1554 531 1626 argumento
564 1545 765 1627 subjecimus,
788 1548 853 1610 alia
876 1565 914 1608 ex
936 1547 996 1608 hac
1018 1547 1089 1628 ipsa
1111 1547 1312 1610 enarratione
1335 1545 1427 1608 facile
1450 1544 1605 1627 colligun-

346 1655 408 1710 tur.
451 1646 532 1708 Illud
564 1655 671 1709 tamen
704 1646 810 1723 velim,
844 1647 897 1730 qui
920 1647 1034 1730 legent,
1058 1647 1324 1721 animadvertant,
1347 1665 1440 1728 quam
1463 1645 1604 1709 studiose

347 1747 381 1811 id
414 1756 490 1828 agat
522 1755 554 1809 et
576 1748 725 1810 moliatur
746 1749 778 1811 in
802 1749 862 1811 hae
885 1749 993 1811 fabula
1014 1749 1145 1822 Seneca,
1168 1756 1203 1811 nt
1225 1768 1264 1810 ex
1286 1748 1365 1810 artis
1388 1747 1486 1828 ipsius
1509 1766 1606 1828 nego-

346 1848 385 1910 tii
418 1848 533 1910 finibus
567 1847 694 1910 evolare
728 1869 821 1931 quam
853 1850 1027 1931 saepissime
1053 1849 1157 1930 possit
1179 1849 1218 1911 ad
1241 1848 1408 1911 finitimam
1432 1847 1606 1912 fabularum

347 1949 507 2030 regionem
541 1968 708 2031 earumque
742 1971 831 2032 quarn
860 1951 1012 2032 plurimos
1035 1951 1129 2013 flores
1152 1950 1286 2013 ornandi
1309 1969 1406 2013 causa
1428 1950 1603 2032 decerpere.

348 2052 395 2114 Eo
435 2049 567 2114 consilio
607 2051 744 2114 Junonis
780 2052 1018 2116 meditationem
1053 2051 1194 2129 induxit3
1230 2051 1263 2114 id
1300 2059 1446 2133 spectans
1482 2057 1605 2113 tantam

348 2152 390 2214 ad
424 2151 611 2214 brevitatem
634 2153 771 2234 priorem
795 2155 966 2234 tragoediae
988 2161 1109 2234 partem
1135 2154 1272 2236 redegit3
1295 2172 1331 2215 eo
1354 2153 1460 2215 studio
1482 2152 1606 2214 Thesea

347 2273 416 2316 cnm
449 2253 584 2316 Hercule
617 2255 710 2316 simul
743 2255 961 2318 advenientem
990 2255 1084 2330 faeit;
1114 2257 1196 2337 quod
1220 2255 1362 2338 proiecto
1386 2272 1447 2316 non
1470 2253 1608 2326 lecisset,

347 2354 410 2417 nisi
433 2355 520 2417 illurn
544 2356 581 2418 de
604 2353 715 2418 inferis
737 2356 840 2420 locum
862 2356 1017 2419 voluisset
1038 2355 1206 2420 intrudere.
1250 2356 1315 2420 Sed
1337 2356 1374 2418 de
1398 2354 1605 2436 hacquidem

348 2457 458 2520 fabula
479 2456 641 2518 haetenus.

430 2590 504 2653 Jarn
527 2591 568 2652 ad
591 2591 741 2673 OEdipum
764 2591 943 2658 veniamus:
977 2613 1069 2675 quam
1092 2593 1231 2656 fabulam
1255 2598 1336 2654 recte
1360 2590 1493 2672 elegisse
1515 2591 1607 2654 vide-

346 2698 398 2754 tur
430 2691 609 2767 Nisardins,
643 2701 678 2755 nt
700 2695 766 2774 eJus
788 2694 987 2775 potissimum
1009 2695 1165 2776 exemplo,
1187 2701 1336 2776 quantum
1360 2710 1380 2753 a
1402 2691 1523 2756 Graecis
1546 2691 1607 2756 Se-

348 2810 428 2856 neca
450 2792 595 2866 distaret,
618 2794 809 2857 ostenderet.
854 2797 938 2858 Nam
962 2804 994 2858 et
1016 2797 1186 2878 opponitur
1209 2796 1238 2858 ei
1260 2794 1428 2877 Sophoclis
1450 2792 1516 2869 illa,
1539 2813 1606 2876 quse

351 2890 505 2966 Οἰδίπους
528 2891 694 2976 Τύραννος
715 2895 912 2960 inscribitur:
935 2896 1023 2978 cujus
1046 2917 1084 2960 ca
1106 2895 1293 2979 praestantia
1309 2902 1367 2970 est,
1387 2903 1497 2958 utnon
1513 2893 1606 2957 modo

346 3014 443 3075 snpra
465 2996 737 3076 reprehensiones,
759 2997 814 3060 sed
838 2997 931 3060 etiam
955 3017 1050 3079 supra
1071 2998 1181 3060 laudes
1205 3017 1273 3060 esse
1296 2997 1457 3060 videatur:
1487 2995 1607 3076 etipsa

347 3095 502 3160 Senecani
536 3097 658 3178 generis
691 3105 799 3160 notam
833 3099 893 3160 ita.
913 3099 995 3180 gerit
1023 3118 1218 3181 expressam,
1241 3105 1276 3162 ut
1298 3097 1398 3178 magis
1420 3103 1528 3159 tamen
1551 3113 1607 3158 ex-

347 3205 434 3260 stent
455 3207 487 3261 et
509 3197 669 3262 emineant
691 3219 739 3271 ea,
763 3219 828 3280 quae
850 3199 883 3260 in
906 3199 966 3262 hoc
987 3198 1058 3280 ipso
1081 3220 1193 3281 genere
1217 3198 1355 3262 maxime
1378 3218 1398 3260 a
1419 3216 1502 3261 verm
1526 3215 1605 3278 poe-

346 3300 390 3362 sis
424 3299 548 3362 ratione
579 3300 751 3363 discedant.
794 3301 932 3363 Tantum
957 3301 1040 3363 enim
1064 3302 1164 3378 abest,
1186 3309 1222 3363 ut
1245 3298 1434 3363 deterruerit
1454 3299 1606 3363 Senecam

347 3401 387 3462 ab
420 3399 573 3463 imitando
607 3400 778 3483 Sophoclei
813 3401 960 3464 carminis
982 3401 1168 3484 amplitudo,
1201 3411 1296 3465 utne
1319 3401 1458 3464 excitare
1481 3399 1607 3482 quidem

346 3499 504 3582 ingenium
539 3502 605 3581 ejus
639 3511 670 3564 et
702 3503 869 3565 incendere
904 3503 1059 3583 potnerit:
1088 3505 1177 3567 utin
1200 3510 1347 3585 suscepto
1371 3501 1520 3565 boccum
1545 3499 1607 3564 So-

346 3602 458 3683 phocle
481 3603 652 3666 certamine
675 3623 736 3665 non
760 3605 851 3666 modo
874 3604 960 3666 illius
983 3604 1079 3679 vires,
1103 3606 1185 3686 quod
1209 3605 1335 3666 minime
1359 3603 1518 3677 miremur,
1540 3602 1608 3676 sed,

349 3703 432 3784 quod
453 3703 524 3784 jure
540 3704 653 3786 aliquis
676 3703 871 3785 indignetur,
884 3724 923 3767 ne
935 3725 1008 3768 suas
1023 3707 1150 3788 quidem
1163 3705 1264 3786 ipsius
1277 3703 1460 3787 aequaverit.
1493 3703 1607 3784 Itaque

349 3803 507 3867 neminem
531 3805 596 3867 iere
620 3805 711 3867 credo
735 3813 800 3868 tarn
824 3805 929 3887 inepte
952 3806 1079 3871 Senecae
1102 3807 1259 3870 laventem
1276 3805 1429 3888 reperias,
1445 3803 1532 3886 quin,
1548 3803 1608 3868 So-

347 3903 470 3985 phoclis
504 3905 613 3968 fabula
634 3905 784 3986 perlecta,
807 3927 875 3970 cum
897 3908 1027 3970 horrore
1050 3909 1183 3990 quodam
1207 3907 1332 3970 Senecae
1355 3915 1460 3968 sumat
1481 3904 1514 3966 in
1537 3924 1605 3967 ma-

348 4025 422 4067 nus:
456 4005 619 4080 neminem,
652 4007 728 4089 quin
753 4007 810 4071 has
833 4007 917 4071 inter
939 4029 973 4070 se
996 4009 1207 4090 comparando
1229 4009 1327 4091 pollui
1350 4005 1516 4088 Sophoclis
1539 4006 1606 4088 glo-

347 4105 428 4169 riam
462 4115 599 4170 censeat.
643 4109 752 4190 Neque
787 4109 870 4172 enim
904 4110 1012 4173 omnia
1045 4111 1202 4190 ejusmodi
1235 4117 1318 4185 suut,
1346 4109 1421 4172 licet
1442 4107 1475 4170 in
1497 4107 1605 4170 codem

347 4207 412 4270 sint
434 4227 556 4288 genere,
578 4216 613 4271 ut
634 4218 718 4272 recte
741 4210 823 4273 inter
845 4231 878 4273 se
907 4211 1084 4292 comparari
1106 4210 1246 4292 possint;
1270 4230 1370 4292 neque
1392 4209 1419 4271 si
1443 4227 1483 4270 ex
1505 4208 1606 4271 altera

347 4315 438 4390 parte
471 4309 595 4390 egregio
629 4311 764 4391 quodam
797 4311 971 4374 Praxitelis
1000 4320 1057 4375 aut
1077 4313 1222 4395 Myronis
1246 4332 1339 4394 opere
1363 4308 1547 4385 constituto,
1568 4327 1605 4370 ex

348 4409 449 4473 altera
478 4410 573 4491 ligno,
596 4411 680 4492 quod
703 4412 742 4473 ad
765 4411 925 4475 simulacri
948 4413 1079 4494 alicujus
1102 4413 1310 4496 suspicionem
1335 4410 1529 4493 negligenter
1549 4429 1605 4472 ne-

346 4509 410 4572 scio
434 4510 504 4593 quis
528 4511 692 4592 operarius
716 4512 882 4588 dolaverit,
904 4513 1014 4576 horum
1035 4515 1119 4577 inter
1140 4535 1209 4577 sese
1232 4511 1508 4578 dissimilitudines
1528 4509 1606 4573 dile-

347 4618 457 4693 genter
490 4611 670 4676 consideres
703 4614 869 4698 multisque
891 4615 997 4678 verbis
1020 4616 1058 4680 de
1081 4615 1122 4678 iis
1146 4615 1313 4692 edisseras,
1335 4635 1396 4680 non
1419 4621 1451 4678 et
1471 4612 1605 4696 ineptis-
