3508 5404
330 475 369 532 94
822 473 852 530 O.
876 475 908 530 Ε.
931 473 1103 530 Sundstrdm.

328 652 406 715 rnus!
447 646 595 730 Dejanira
615 654 717 710 autem
739 645 805 728 ipsa
826 664 915 727 quam
938 645 1084 721 honeste,
1104 665 1193 729 quam
1215 665 1340 723 amaus,
1361 667 1452 730 quam
1471 647 1594 713 amabi-

326 751 364 817 lis
385 750 551 814 inducitur!
583 747 674 824 Qua,
697 765 786 830 quum
809 754 906 828 captae
925 746 1105 812 Oechalides
1119 747 1150 810 iu
1165 750 1245 812 sedes
1263 748 1457 825 inducuntur,
1482 769 1595 834 quam-

327 873 418 938 quam
441 861 514 916 tuuc
535 851 649 932 ipsum,
671 858 830 930 postquam
854 848 960 912 rio-isse
981 848 1141 912 Herculem
1164 859 1195 912 et
1216 849 1335 912 salvum
1357 851 1455 914 redire
1476 869 1595 932 cogno-

328 955 387 1028 rit,
420 953 555 1016 exsultat
585 949 709 1026 laetitia,
741 958 844 1012 tamen
868 949 1009 1013 lacrimas
1031 950 1138 1013 aliena
1160 950 1329 1014 calamitati
1351 952 1469 1016 debitas
1491 952 1597 1016 fundit

327 1054 532 1138 imprimisque
564 1051 647 1114 Iolen
680 1050 777 1132 ipsam
799 1069 834 1112 ec
857 1052 961 1114 lormae
983 1050 1089 1114 decore
1111 1051 1291 1132 fulgentem,
1322 1054 1400 1134 quod
1423 1062 1539 1117 metum
1563 1063 1596 1117 et

326 1157 525 1239 suspicionem
548 1152 635 1216 laoile
657 1151 754 1232 possit
776 1169 911 1227 movere,
943 1169 1063 1214 summa
1090 1151 1294 1216 misericordia
1325 1154 1595 1236 benevolentiaque

328 1257 526 1341 prosequitur.
570 1252 672 1325 Quum
695 1271 766 1314 vero
788 1252 898 1335 Euryti
919 1252 1011 1316 liliam
1034 1271 1099 1315 esse
1120 1261 1152 1316 et
1173 1253 1270 1316 amari
1291 1255 1331 1318 ab
1352 1256 1483 1320 Hercule
1497 1256 1596 1320 resci-

327 1362 389 1434 vit,
422 1376 510 1441 quam
533 1355 683 1438 patienter
704 1354 801 1428 dolet,
835 1371 925 1436 quarn
947 1354 1122 1428 summisse,
1155 1374 1245 1437 quarn
1268 1354 1445 1420 liberaliter!
1487 1357 1594 1430 Quam

328 1461 415 1526 facile
437 1458 546 1520 marito
567 1455 707 1538 ignoscit!
751 1452 851 1524 Quam
880 1454 953 1517 nihil
982 1454 1079 1536 pellici
1107 1457 1276 1518 succenset!
1319 1457 1367 1521 Ac
1389 1477 1426 1520 ne
1448 1457 1594 1522 Herculis

328 1564 446 1645 quidem
479 1577 577 1622 mores
606 1556 720 1621 omittit
747 1563 852 1636 poeta,
884 1556 955 1637 quin
979 1556 1111 1620 breviter
1127 1558 1287 1620 dumtaxat
1308 1558 1474 1639 significet:
1506 1560 1594 1640 cujus

328 1681 454 1743 maguus
476 1669 507 1722 et
527 1659 657 1740 simplex
678 1656 795 1720 animus
817 1657 998 1730 declaretur,
1033 1676 1123 1739 quum
1151 1657 1280 1733 Lichas,
1312 1660 1391 1742 quod
1414 1661 1595 1740 Dejaniram

327 1766 367 1828 de
387 1765 454 1828 Iole
475 1759 604 1834 celarit,
625 1758 656 1822 id
678 1776 733 1820 suo
754 1776 788 1820 se
808 1757 932 1821 consilio
947 1757 1052 1822 fecisse
1068 1758 1242 1834 confirmat,
1265 1779 1322 1822 non
1338 1761 1481 1824 Herculis
1493 1762 1594 1842 jusso,

328 1883 417 1948 quem
439 1862 496 1926 nisi
517 1869 621 1943 aperte
644 1867 674 1922 et
695 1858 870 1940 simpliciter
891 1866 1025 1922 acturum
1050 1877 1117 1922 esse
1138 1859 1299 1942 quicquam
1321 1869 1422 1942 negat.

411 1965 458 2029 At
483 1963 514 2025 in
542 1960 640 2026 latina
668 1960 773 2023 subula
795 1961 923 2041 primum
945 1959 994 2023 ab·
1007 1960 1138 2024 Hercule
1160 1969 1279 2025 centnm
1301 1963 1437 2027 versibus
1459 1963 1594 2028 victoriae

328 2087 391 2132 suae
413 2066 590 2145 laboresque
612 2062 815 2144 praedicautur
836 2069 867 2124 et
889 2061 1066 2143 ecquidem
1084 2062 1256 2141 jactantia,
1278 2072 1313 2127 ut
1333 2084 1396 2147 prae
1411 2065 1594 2129 confidentia

329 2169 527 2252 superbiaque
558 2163 612 2226 vix
644 2169 741 2225 urente
774 2172 912 2226 constare
941 2163 1090 2227 rideatur.
1133 2163 1211 2226 Tum
1234 2164 1297 2226 Iole
1319 2185 1388 2228 cum
1410 2165 1518 2240 choro,
1539 2166 1593 2249 qui

330 2291 369 2334 ea
390 2267 518 2352 captivis
541 2265 716 2327 mulieribus
737 2273 874 2338 constat,
896 2262 1050 2328 interitum
1072 2264 1182 2345 patriae
1210 2266 1388 2348 complorat.
1430 2268 1507 2330 Mox
1527 2266 1593 2330 De·

327 2371 429 2453 juuire
460 2366 641 2452 prorumpit:
675 2381 764 2446 quam
797 2367 895 2428 furere
922 2365 1114 2428 vehementer
1134 2375 1166 2428 et
1188 2367 1333 2430 nutricem
1355 2387 1456 2431 secum
1478 2369 1592 2432 habere

330 2493 388 2536 non
410 2488 531 2534 neeesse
553 2474 601 2530 est
621 2467 729 2530 dicere.
772 2465 863 2530 Nunc
885 2465 1063 2540 Herculem,
1087 2485 1166 2529 nuuc
1181 2486 1214 2528 se
1233 2467 1347 2549 ipsam,
1362 2487 1441 2532 nunc
1455 2470 1591 2552 pellicem

324 2574 531 2656 jugulatorum
553 2587 585 2631 ee
609 2568 737 2643 clamut3
759 2569 812 2629 sed
835 2587 871 2630 na
893 2567 939 2630 his
961 2567 1079 2649 quidem
1103 2566 1286 2631 facinoribus
1309 2579 1355 2634 est
1376 2580 1536 2636 contenta:

927 2667 957 2724 si
979 2668 1047 2738 quid
1067 2683 1083 2723 e
1104 2669 1201 2724 nostro
1222 2669 1341 2728 Hercule

571 2755 705 2827 Concepit
726 2753 797 2810 Iole:
821 2755 949 2814 manibus
971 2755 1093 2812 arellam
1117 2755 1195 2812 meis.

1127 2861 1154 2898 v.
1180 2842 1339 2899 348-49.

330 2966 477 3030 Novimus
495 2966 560 3046 jam
582 2963 676 3040 satis,
709 2963 824 3044 opinor,
852 2963 1011 3026 amabilem
1034 2965 1189 3027 seminam.
1233 2965 1385 3028 Praeterea
1406 2973 1440 3028 ut
1461 2964 1592 3047 primum

329 3069 383 3133 illa
405 3067 511 3130 luroris
533 3074 699 3146 tempestas
722 3063 876 3140 detonuit,
900 3065 973 3126 nihil
996 3065 1079 3128 aliud
1101 3085 1189 3147 quam
1212 3067 1326 3146 pullam
1341 3068 1487 3146 sanguine
1502 3067 1592 3130 Nessi

329 3170 439 3233 illitam
472 3168 582 3230 mittit:
615 3187 673 3248 quc
697 3166 814 3249 quidem
838 3166 903 3228 loco
925 3165 1053 3247 primum
1076 3167 1186 3248 aliquid
1209 3187 1247 3228 ex
1268 3167 1417 3248 Sophocle
1439 3176 1592 3249 sumptum

330 3270 529 3353 agnoscimus.
572 3269 652 3332 Nam
675 3275 705 3332 et
727 3267 819 3331 Nessi
840 3268 931 3330 letum
953 3267 1091 3331 similiter
1119 3276 1258 3331 narratur
1284 3275 1330 3342 et,
1362 3269 1440 3351 quod
1468 3268 1592 3343 mirere,

329 3393 438 3454 genere
461 3369 577 3434 dicendi
601 3370 813 3452 propemodum
836 3389 910 3431 sauro
934 3379 965 3432 et
986 3368 1087 3432 Lichae
1110 3369 1149 3432 ad
1171 3369 1331 3432 Herculem
1348 3369 1472 3433 abeunti
1487 3371 1592 3432 eadem

330 3475 389 3536 lere
411 3493 430 3535 a
451 3471 595 3556 Dejanira
618 3473 812 3546 mandentum
835 3491 900 3552 quae
922 3469 970 3532 hic
993 3471 1113 3534 tandem
1134 3489 1237 3535 veram
1260 3479 1291 3534 et
1306 3471 1470 3554 simplicem
1487 3489 1590 3534 vocem

330 3573 459 3637 emittit:

572 3672 647 3742 Cape
668 3673 718 3729 hos
740 3673 861 3729 amictus
882 3674 980 3729 nostra
1002 3687 1071 3744 quos
1092 3671 1172 3727 nevit
1193 3688 1306 3740 manus,

573 3760 647 3818 Dum
669 3777 757 3830 vagus
779 3759 810 3814 in
831 3760 897 3816 orbe
919 3759 1007 3815 fertur
1029 3762 1057 3816 et
1079 3758 1171 3814 rictus
1192 3774 1269 3815 mero

575 3847 663 3904 Tenet
685 3847 770 3904 feroci
792 3847 900 3918 lydiam
922 3845 1028 3918 mensio
1050 3863 1161 3900 nurum.
1221 3931 1239 3986 4
1286 3931 1324 3987 w

1125 3951 1152 3989 r.
1178 3933 1215 3988 57
1243 3957 1281 3973 -
1330 3971 1336 3986 .

330 4054 426 4119 Missa
449 4053 531 4134 pallo
552 4054 696 4135 pestilera
717 4054 827 4118 Nessei
848 4053 1003 4136 sanguinis
1026 4052 1072 4115 vis
1094 4055 1200 4117 eodem
1223 4072 1280 4135 quo
1300 4053 1381 4136 apud
1409 4051 1592 4134 Sophoclem

331 4165 419 4240 pacto
443 4156 684 4237 deprehenditur.
727 4156 796 4219 Non
818 4155 949 4219 alienum
971 4154 1028 4218 erit
1048 4155 1303 4230 animadvertere,
1324 4173 1415 4237 quam
1438 4153 1591 4216 dissimili-

330 4269 376 4322 ter
397 4257 445 4332 hlo
467 4276 528 4320 una
550 4259 713 4341 eademque
735 4277 783 4319 res
807 4277 826 4320 a
847 4257 995 4340 Sophocle
1018 4265 1048 4318 et
1071 4256 1110 4318 ah
1132 4256 1191 4322 hoo
1216 4258 1369 4320 ett'eratur.
1404 4255 1486 4318 Nom
1512 4255 1590 4338 quod

331 4359 495 4444 Sophocles
518 4359 555 4422 de
576 4358 664 4434 lana,
686 4378 751 4442 quae
773 4359 918 4440 sanguiue
941 4358 1058 4421 imbuta
1080 4357 1276 4434 consumitur,
1298 4357 1342 4420 ita
1362 4356 1480 4440 posuit:

928 4491 963 4556 ἐκ
983 4489 1020 4556 dr!
1039 4491 1111 4576 lde,
1133 4489 1218 4556 ὅθεν

573 4589 742 4682 rrporisero',
765 4589 937 4670 decliuem
956 4592 1161 4682 θρομβώδεις
1181 4588 1300 4681 dppot,
