3508 5404
355 537 394 593 88
566 587 569 598 ,
848 535 879 594 O.
902 537 933 594 ld.
956 536 1128 593 Sandstrdm.

352 707 409 772 tris
429 707 580 773 insultans
601 716 698 772 totum
719 707 747 771 ei
769 707 961 772 mactationis
983 707 1115 772 ordinem
1137 705 1296 788 diligenter
1323 717 1495 790 exponeret
1537 707 1607 771 Jarc

353 829 424 872 vero
456 829 523 892 quae
555 829 622 874 cum
655 809 751 891 epulis
783 809 857 891 ipsis
878 810 1041 890 conjuncta
1062 818 1133 871 sunt
1155 827 1279 890 qumque
1300 827 1352 871 ees
1374 815 1608 890 consequuntur,

353 929 442 992 quum
476 911 579 993 capita
610 911 757 992 pedesque
788 927 946 992 puerorum
975 909 1090 973 Atreus
1111 919 1180 972 ante
1203 910 1293 991 pedes
1315 909 1456 992 Thyestae
1479 909 1610 991 projicit,

352 1029 390 1074 ea
411 1011 482 1093 quin
505 1011 584 1094 apud
606 1009 777 1092 Euripidem
801 1009 919 1094 quidem
942 1030 961 1072 a
982 1010 1087 1074 nuntio
1111 1009 1220 1074 luerint
1242 1019 1379 1085 narrata,
1402 1009 1535 1073 dubitari
1551 1029 1607 1073 nou

352 1119 465 1194 purast:
487 1111 653 1196 Sophocles
675 1130 735 1194 qua
756 1111 872 1174 ratione
895 1111 973 1174 huuc
996 1111 1092 1174 locum
1114 1110 1271 1185 tractarit,
1295 1119 1328 1174 ut
1349 1111 1524 1191 fragmenta
1537 1118 1609 1172 tau·

352 1213 508 1276 tummcdo
540 1211 769 1294 respicientibus
802 1212 978 1288 obscurum,
1009 1211 1053 1276 sic
1080 1211 1122 1273 rei
1145 1212 1239 1292 ipsius
1260 1220 1400 1274 naturam
1423 1211 1610 1275 intuentibus

352 1313 542 1396 perspicuum
564 1321 619 1378 est.
662 1313 767 1395 Neque
800 1313 880 1376 enim
912 1311 1084 1397 persuaderi
1109 1313 1248 1396 cuiquam
1275 1331 1363 1394 posse
1385 1313 1516 1376 arbitror
1538 1331 1609 1394 poc·

353 1422 418 1478 tam
450 1424 515 1478 arte
547 1413 752 1496 sapientiaque
783 1424 982 1496 praestantem
1018 1414 1181 1497 producere
1213 1413 1244 1476 iu
1277 1433 1399 1476 scenam
1431 1413 1609 1476 sustinuisse

352 1513 503 1579 bominem
536 1515 681 1599 ejusmodi
713 1535 803 1598 quum
836 1516 966 1577 maxime
994 1515 1095 1578 dolore
1117 1525 1314 1588 commotum,
1347 1514 1397 1596 qui
1419 1515 1610 1578 vehementer

351 1624 433 1680 esset
454 1616 634 1692 timendum,
657 1635 693 1678 ue
714 1635 773 1678 nou
797 1617 884 1678 modo
906 1615 1038 1679 euiruum
1061 1616 1124 1696 ejus
1147 1625 1177 1678 et
1195 1626 1343 1690 mentem,
1365 1613 1419 1677 sed
1435 1615 1527 1678 etiam
1542 1633 1609 1678 cor·

352 1737 407 1799 pus
429 1736 497 1780 cum
519 1736 635 1780 summa
658 1717 803 1780 foeditate
825 1717 1017 1780 convelleret.
1059 1717 1207 1779 Extrema
1229 1725 1329 1780 autem
1351 1715 1522 1798 tragoedias,
1544 1713 1610 1798 qui-

352 1817 406 1880 bua
428 1817 584 1881 exsultans
606 1815 737 1892 Atreus,
759 1837 885 1880 merens
906 1818 1054 1901 Thyestes
1075 1817 1236 1894 inducitur,
1259 1817 1297 1879 ad
1319 1835 1482 1900 graecorum
1502 1816 1610 1881 simili-

352 1918 485 1982 tudinem
509 1917 638 1982 maxime
660 1919 800 1982 videntur
820 1919 1057 1982 accommodata

435 2019 479 2082 Et
499 2019 640 2101 quoniam
663 2039 715 2083 eas
738 2020 857 2082 tabulas
880 2019 1081 2095 absolvimus,
1103 2037 1170 2100 quae
1191 2018 1232 2083 ab
1254 2017 1302 2082 his
1324 2019 1507 2094 editoribus,
1536 2037 1608 2102 quos

352 2138 408 2182 nos
429 2121 591 2202 sequimur,
612 2121 684 2182 solae
705 2121 828 2184 Senecae
849 2130 1004 2203 putentur,
1026 2119 1240 2184 transeundum
1259 2119 1321 2202 jam
1346 2120 1385 2182 ad
1406 2121 1538 2202 reliquas
1553 2128 1609 2192 est,

351 2239 416 2302 qum
438 2221 478 2284 ab
500 2221 603 2285 iisdem
625 2219 731 2286 incerti
753 2222 885 2284 auctoris
907 2221 1119 2296 inscribuntur,
1143 2219 1418 2300 Agamemnonem,
1446 2221 1608 2285 Herculem

354 2323 504 2400 OEtaeum,
536 2321 707 2386 Octavium.
749 2320 884 2392 Quarum
907 2343 972 2385 eam
994 2322 1128 2404 quidem,
1160 2340 1248 2405 quarn
1282 2332 1447 2386 extremam
1470 2323 1610 2386 nomina-

353 2423 465 2498 vimus,
498 2442 586 2487 uemo
608 2432 671 2487 tam
693 2423 751 2488 erit
772 2423 900 2505 ineptus,
922 2424 973 2507 qui
995 2445 1014 2488 a
1036 2423 1153 2488 Seneca
1175 2423 1318 2504 scriptam
1341 2441 1407 2486 asse
1428 2423 1609 2488 contendat:

352 2523 389 2586 de
411 2525 521 2588 ceteris
544 2544 654 2605 magna
673 2523 753 2588 inter
774 2525 963 2588 doctissimos
985 2525 1064 2589 viros
1087 2523 1258 2607 opinionum
1281 2525 1412 2588 varietas
1434 2532 1495 2588 est:
1523 2524 1610 2588 incli-

349 2635 405 2688 nat
425 2632 529 2688 tamen
550 2625 668 2689 animus
689 2623 883 2689 vehementer
903 2621 941 2690 ad
964 2645 1031 2689 eam
1053 2625 1292 2706 amplectendam
1314 2626 1514 2702 senteutiam,
1543 2644 1609 2707 quc

350 2725 538 2808 separandas
560 2726 616 2788 lras
639 2725 758 2790 fabulas
779 2747 798 2790 e
820 2727 927 2790 ceteris
949 2725 1209 2808 sejungeudesque
1230 2733 1343 2791 censet.
1386 2725 1468 2790 Nam
1486 2735 1521 2790 ut
1535 2725 1608 2790 nihil

348 2827 386 2890 de
408 2833 570 2890 metromm
592 2827 772 2890 tractatione
794 2828 904 2903 dicam,
927 2828 1011 2908 cujus
1033 2828 1063 2890 iu
1085 2827 1132 2890 his
1154 2827 1266 2891 fabulis
1288 2827 1476 2890 nonnullae
1497 2827 1609 2910 priori·

349 2927 406 2990 bus
427 2935 530 2990 exstat
550 2927 728 3002 diversitas,
760 2939 794 2992 ut
815 2927 1011 2992 elocutionem
1034 2947 1151 3011 quoque
1173 2928 1279 2992 hurum
1300 2929 1456 3004 omittam,
1488 2929 1520 2992 iu
1550 2947 1610 3010 qua

312 3025 316 3033 ’
349 3047 525 3112 persuasum
548 3027 620 3092 ruihi
642 3028 740 3091 babae
762 3030 884 3110 reperiri
905 3049 992 3111 posse
1014 3049 1074 3092 nou
1090 3049 1188 3112 pauca
1202 3049 1221 3092 a
1234 3030 1357 3094 Seueoae
1373 3047 1454 3094 more
1469 3028 1608 3112 loquendi

349 3129 562 3206 abhorrentia,
584 3129 630 3192 lris
651 3129 742 3210 igitur
763 3129 898 3205 omissis,
920 3149 986 3213 quae
1007 3131 1047 3194 ad
1068 3131 1240 3194 institutum
1257 3149 1354 3194 meum
1369 3149 1428 3192 uec
1444 3130 1608 3213 pertinent,

350 3230 376 3294 si
398 3249 492 3312 genus
513 3229 610 3313 ipsum
633 3231 751 3295 dicendi
773 3241 804 3295 et
825 3232 910 3314 qnasi
932 3233 1059 3296 colorem
1083 3231 1228 3295 cretionis
1249 3232 1415 3306 iutuemur,
1436 3230 1467 3296 iu
1490 3251 1609 3294 summa

350 3331 544 3396 similitudine
566 3331 825 3396 dissimilitudines
847 3351 948 3396 rursus
969 3333 1159 3396 invenientur
1180 3352 1234 3407 ese,
1267 3351 1334 3414 quae
1355 3331 1485 3414 plurium
1507 3331 1608 3414 potius
1725 3327 1726 3332 ’

349 3431 527 3514 scriptorum
549 3433 730 3508 diversitati,
751 3453 841 3516 quam
864 3433 952 3497 unius
984 3433 1184 3516 inaequalitati
1216 3433 1404 3514 assignanda
1435 3433 1606 3496 videantur.

351 3531 486 3605 Quamm
520 3533 794 3598 dissimilitudinum
828 3535 892 3599 lraec
923 3535 1038 3617 pariter
1058 3535 1090 3596 in
1111 3535 1215 3616 primis
1236 3535 1297 3598 illis
1318 3535 1436 3599 duabus
1458 3533 1606 3610 cernitur,

351 3635 445 3716 quod,
467 3653 557 3717 quum
579 3635 609 3698 in
631 3634 780 3716 prioribus
801 3637 878 3699 vitia
899 3635 1015 3699 dicendi
1036 3636 1233 3700 offendantur
1254 3636 1359 3717 gravia
1374 3635 1427 3698 illa
1441 3635 1559 3717 quidem
1574 3655 1610 3700 ac

350 3735 469 3818 turpia,
489 3735 543 3799 sed
565 3755 632 3818 que
653 3736 825 3820 plerumque
847 3747 950 3800 tamen
966 3735 1088 3806 virtutis
1102 3735 1203 3819 aliqua
1217 3736 1358 3800 vicinitas
1372 3735 1511 3818 speciosa
1524 3755 1607 3800 ccm-

349 3837 484 3913 mendet,
503 3837 608 3902 eadem
630 3837 661 3900 iu
684 3837 732 3902 his
753 3839 918 3920 reperimus
939 3838 1099 3921 splendida
1124 3838 1225 3902 multo
1258 3839 1355 3902 micus
1387 3846 1418 3901 et
1449 3837 1551 3901 dulcia
1577 3844 1607 3901 et

348 3957 414 4022 qum
441 3937 626 4002 voluntatem
647 3938 765 4020 quidem
786 3939 936 4003 scribendi
957 3959 993 4002 ac
1014 3947 1145 4002 mantem
1168 3948 1297 4020 arguant
1317 3957 1408 4002 uuam
1422 3948 1516 4021 atque
1531 3957 1606 4004 ean-

346 4039 430 4115 dem,
453 4039 604 4104 facultatis
626 4048 728 4104 autem
744 4049 775 4104 et
788 4039 899 4122 ingenii
918 4041 1011 4104 multu
1034 4039 1140 4104 minus.
1183 4039 1330 4116 Accedit,
1352 4040 1430 4122 quud
1452 4039 1484 4102 in
1498 4039 1604 4102 iisderu

347 4141 428 4204 locos
450 4141 606 4204 ucnnullos
620 4141 801 4206 ciieudimus
815 4141 974 4222 ejusmodi,
996 4149 1045 4212 ut,
1066 4141 1316 4224 quemadmodum
1332 4140 1458 4206 aliorum
1473 4159 1605 4222 quorun-

349 4242 419 4305 dam
440 4241 471 4304 iu
494 4242 643 4322 prioribus
664 4241 794 4306 locorum
813 4243 984 4306 consimiles
1005 4241 1192 4318 exstiterint,
1214 4242 1272 4306 uisi
1295 4243 1334 4306 ad
1356 4261 1458 4306 corum
1473 4241 1604 4324 ipsorum

349 4343 503 4424 exemplar
529 4344 644 4406 effictos
673 4351 763 4426 atque
795 4363 951 4426 expressos
973 4363 1040 4406 esse
1071 4343 1228 4418 statueris,
1261 4342 1447 4426 probabilem
1479 4342 1603 4406 reddere

347 4443 496 4508 rationem
518 4461 577 4506 non
599 4445 705 4526 possis.
747 4447 880 4510 Tantum
902 4446 940 4509 de
961 4445 1108 4510 universis
1128 4453 1195 4509 erat
1209 4445 1386 4510 dicendum:
1408 4463 1487 4508 nuuc
1500 4443 1603 4506 videa·

347 4563 414 4608 mus
435 4546 472 4609 de
492 4545 626 4626 siugulis.

430 4645 687 4728 Qauremccueur
719 4645 859 4711 Graecam
881 4667 971 4711 unam
992 4649 1203 4712 tantummodo
1225 4647 1370 4712 hebemus
1390 4645 1529 4730 AEschyli
1550 4665 1602 4710 ue·

349 4766 407 4834 que
429 4755 483 4812 aut
504 4747 663 4832 Scpboclis
683 4749 775 4814 ullam
798 4757 853 4812 eut
873 4747 1027 4834 Euripidis
1047 4750 1161 4814 sciurus
1181 4749 1286 4814 iubae.
1328 4746 1399 4821 Quo
1425 4748 1520 4832 magia
1546 4747 1601 4814 rui·
