3508 5404
358 543 397 598 88
568 593 571 604 ,
850 540 881 600 0.
905 543 936 599 ll.
959 541 1130 598 Sundstrdm.

355 711 411 777 tris
432 713 582 778 insultans
603 721 700 777 totum
722 711 750 776 ei
772 711 963 778 mactationis
986 713 1118 776 ordinem
1140 711 1299 793 diligenter
1326 721 1497 794 exponeret.
1541 711 1616 776 Jaur

356 833 426 877 vero
458 835 525 898 qum
558 835 624 879 cunr
658 813 753 896 epulis
786 813 859 896 ipsis
881 815 1044 895 conjuncta
1064 823 1137 876 sunt
1157 832 1281 896 quaeque
1303 831 1355 876 ees
1376 821 1617 896 consequuntur,

355 935 445 999 quam
478 916 581 998 capita
613 916 760 997 pedesque
791 933 948 998 puerorum
978 915 1092 978 Atreus
1114 924 1183 978 ante
1206 915 1296 996 pedes
1318 914 1459 997 Thyestae
1480 913 1619 995 projicit,

355 1035 393 1080 ea
414 1016 484 1099 quin
508 1017 587 1099 apud
609 1015 780 1098 Euripidem
803 1015 921 1099 quidem
944 1035 964 1078 ι
985 1014 1090 1078 nuntio
1113 1015 1223 1078 luerint
1245 1025 1382 1090 narrata,
1404 1014 1538 1078 dubitari
1556 1033 1616 1077 nou

355 1124 467 1200 pauso:
489 1116 655 1200 Sophocles
677 1135 737 1200 qua
759 1117 875 1180 ratione
898 1116 976 1180 hunc
998 1117 1094 1180 locum
1118 1115 1274 1190 tractarit,
1297 1126 1331 1178 ut
1352 1117 1526 1196 fragmenta
1541 1123 1617 1176 tan·
1729 1133 1730 1146 ²

355 1219 511 1282 tummodo
543 1217 772 1300 respicientibus
805 1218 980 1294 obscurum,
1012 1217 1056 1280 sic
1083 1215 1125 1279 rei
1147 1217 1241 1298 ipsius
1263 1225 1403 1280 naturam
1426 1215 1618 1280 intuentibus
1729 1259 1730 1262 ,

356 1319 545 1400 perspicuum
567 1329 622 1382 est.
664 1319 770 1402 Neque
803 1319 883 1382 enirn
915 1315 1087 1401 persuaderi
1112 1318 1251 1401 cuiquam
1278 1337 1366 1399 posse
1388 1317 1519 1380 arbitror
1541 1335 1617 1398 poe·
1729 1313 1730 1352 l

355 1429 420 1484 tam
453 1429 518 1484 arte
549 1419 755 1502 sapientiaque
787 1430 985 1502 praestantem
1022 1419 1184 1502 producere
1216 1419 1246 1481 iu
1280 1437 1401 1482 scenam
1434 1418 1617 1481 sustinuisse
1729 1413 1730 1446 ³

355 1519 505 1584 bominem
539 1520 684 1602 ejusmodi
716 1540 806 1604 quurn
839 1521 968 1584 maxime
997 1521 1098 1583 dolore
1120 1529 1317 1593 commotum,
1349 1519 1399 1602 qui
1421 1519 1618 1582 vehementer

354 1629 436 1684 esset
456 1621 638 1697 timendum,
659 1641 696 1684 ue
717 1641 776 1684 non
800 1622 887 1684 modo
909 1622 1041 1685 anirnom
1063 1621 1127 1701 ejus
1149 1631 1180 1684 et
1198 1630 1346 1695 mentem,
1368 1619 1529 1682 sedetiam
1544 1637 1617 1683 cor-
1729 1693 1730 1726 ,

355 1741 410 1804 pus
431 1741 499 1786 curn
522 1741 638 1786 summa
661 1721 806 1784 foeditate
827 1723 1019 1786 convelleret.
1062 1722 1210 1784 Extrema
1231 1732 1332 1784 autem
1353 1721 1525 1803 tragoedia,
1547 1719 1618 1802 qui-

354 1821 409 1885 bus
431 1823 587 1886 exsultans
609 1822 740 1898 Atreus,
762 1841 887 1886 maerens
908 1823 1057 1906 Thyestes
1078 1823 1239 1900 inducitur,
1262 1823 1300 1885 ad
1322 1841 1485 1904 graecorum
1505 1820 1617 1885 simili·
1729 1903 1730 1920 ἵ

355 1923 488 1988 tudinem
511 1923 641 1988 maxime
663 1924 802 1987 ridentur
822 1925 1060 1988 accommodata

437 2024 482 2088 Et
502 2024 643 2108 quoniam
666 2045 717 2087 eas
741 2025 860 2088 tabulas
882 2025 1084 2101 absolvimus,
1105 2043 1173 2106 quse
1194 2025 1235 2088 ab
1257 2022 1305 2086 his
1327 2023 1511 2100 editoribus,
1539 2042 1615 2106 quos

355 2143 410 2188 uos
432 2126 594 2208 sequimur,
615 2126 687 2188 solae
708 2126 830 2189 Senecae
852 2135 1007 2209 putantur,
1028 2125 1242 2190 transeundum
1262 2126 1325 2206 jam
1348 2125 1387 2187 ad
1409 2125 1541 2208 reliquas
1557 2133 1616 2196 est,

353 2245 419 2308 quae
441 2227 481 2290 ab
502 2227 606 2292 iisdem
628 2226 733 2290 incerti
755 2228 887 2290 auctoris
909 2227 1122 2302 inscribuntur,
1146 2225 1420 2306 Agamemnonem,
1449 2226 1614 2290 Herculem

357 2327 506 2406 OEtaeam,
539 2326 709 2392 Octaviam.
753 2326 888 2398 Quarum
910 2347 975 2392 eam
997 2327 1132 2410 quidem,
1163 2346 1252 2410 quarn
1285 2337 1450 2390 extremam
1473 2328 1616 2390 namina-

356 2429 468 2505 rimus,
501 2447 588 2493 nemu
610 2438 674 2493 tam
696 2429 754 2494 erit
775 2429 903 2510 ineptus,
925 2430 975 2512 qui
997 2449 1017 2492 a
1039 2429 1157 2494 Seneca
1178 2429 1321 2510 scriptam
1343 2447 1410 2492 esse
1431 2429 1614 2492 contendat:

354 2529 392 2592 de
414 2530 523 2594 ceteris
546 2549 657 2610 magua
676 2529 756 2594 inter
777 2531 966 2594 doctissimos
988 2531 1067 2594 viros
1089 2527 1261 2611 opinionum
1284 2530 1415 2592 varietas
1437 2536 1498 2593 est:
1525 2529 1615 2592 incli-

352 2638 408 2693 nat
428 2637 531 2694 temen
553 2631 670 2694 animus
692 2630 885 2694 vehementer
906 2628 944 2694 ad
967 2651 1034 2695 eam
1056 2631 1295 2712 amplectendam
1317 2631 1517 2706 sententiam,
1545 2649 1614 2712 quae

353 2729 541 2813 separandas
563 2731 619 2794 luas
641 2731 760 2795 fabulas
782 2752 801 2795 a
823 2732 930 2796 ceteris
952 2731 1212 2814 sejungendasque
1234 2739 1345 2796 censet.
1389 2731 1471 2796 Nam
1490 2740 1524 2794 ut
1538 2731 1614 2794 nibil

351 2832 388 2895 de
411 2841 573 2896 metrorum
594 2832 775 2896 tractatione
797 2833 908 2910 dicam,
930 2833 1014 2913 cujus
1036 2833 1065 2896 in
1088 2831 1135 2895 bis
1157 2833 1269 2896 fabulis
1291 2832 1441 2895 nonnulla
1461 2853 1479 2895 a
1500 2832 1614 2914 priori·

352 2933 409 2995 bns
430 2940 533 2996 exstat
554 2933 731 3008 diversitas,
762 2942 798 2996 ut
818 2933 1014 2997 elocutionem
1037 2953 1154 3017 quoque
1177 2933 1282 2997 harum
1304 2933 1458 3008 omittam,
1490 2933 1522 2997 iu
1553 2952 1614 3016 qua

315 3030 320 3039 '
352 3051 528 3116 persuasum
551 3033 623 3097 ruibi
645 3033 743 3096 trabea
765 3035 886 3116 reperiri
908 3054 995 3117 posse
1017 3055 1078 3098 non
1093 3035 1360 3117 paucaaSenecce
1376 3053 1457 3100 unare
1472 3033 1614 3116 loquendi

352 3134 565 3211 abhorrentia,
587 3135 633 3198 bis
654 3134 745 3216 igitar
766 3135 901 3210 omissis,
923 3155 989 3219 quae
1011 3137 1050 3200 ad
1071 3136 1244 3200 institutum
1260 3155 1357 3199 meam
1372 3154 1432 3198 nou
1447 3135 1613 3218 pertinent,

353 3235 379 3299 si
401 3253 495 3317 genus
516 3235 614 3318 ipsum
636 3235 754 3299 dicendi
776 3246 807 3300 et
828 3238 913 3321 quasi
935 3237 1062 3301 colorem
1086 3236 1231 3300 arationis
1252 3237 1419 3313 intuemur,
1439 3237 1470 3300 iu
1492 3255 1614 3299 summa

353 3336 547 3400 similitudine
569 3337 827 3403 dissimilitudines
850 3357 951 3402 rursus
972 3339 1162 3401 invenientur
1183 3357 1237 3412 em,
1270 3356 1336 3420 qum
1358 3337 1488 3420 plurium
1510 3336 1613 3419 potius

352 3437 530 3520 scriptorum
552 3439 733 3513 diversitati,
754 3459 844 3522 quam
867 3439 955 3503 unius
986 3439 1187 3522 inequalitati
1220 3439 1408 3520 assignandae
1438 3439 1611 3502 rideantur.
1729 3475 1730 3482 ι

354 3535 490 3610 Quarum
523 3539 797 3603 dissimilitudinum
831 3541 895 3605 lraec
926 3541 1041 3622 pariter
1061 3540 1092 3602 in
1115 3539 1218 3622 primis
1239 3539 1299 3603 illis
1321 3540 1440 3604 duabus
1461 3537 1612 3615 cernitur,

354 3639 448 3722 quod,
469 3659 560 3722 qnnru
582 3640 612 3704 in
634 3641 783 3722 prioribus
805 3642 881 3705 vitia
901 3641 1018 3705 dicendi
1039 3641 1236 3704 offendantur
1257 3641 1363 3722 gravia
1376 3641 1431 3704 illa
1443 3640 1561 3722 quidem
1575 3659 1615 3704 ac

353 3741 471 3822 turpia,
492 3741 546 3804 sed
568 3761 635 3824 qum
656 3741 828 3825 pleramque
850 3751 954 3806 tamen
969 3742 1091 3811 virtutis
1105 3742 1206 3824 aliqua
1220 3741 1361 3806 vicinitas
1375 3741 1514 3824 speciosa
1527 3759 1613 3804 corn-

352 3843 487 3917 mendet,
507 3841 611 3906 eadem
633 3841 664 3905 iu
687 3842 734 3906 bis
757 3844 921 3926 reperimus
942 3843 1102 3926 splendida
1127 3843 1228 3907 multo
1261 3844 1359 3906 minus
1391 3850 1422 3905 et
1452 3841 1553 3906 dulcia
1578 3851 1613 3906 et

351 3961 418 4025 quae
444 3942 629 4007 voluntatem
650 3943 769 4026 quidem
789 3945 939 4008 scribendi
960 3965 996 4008 ao
1017 3953 1148 4008 mentera
1170 3953 1300 4026 arguant
1321 3961 1411 4008 unam
1426 3953 1518 4027 atque
1533 3961 1611 4006 eau-
1729 4027 1730 4030 Ἴ

349 4045 433 4119 dem,
456 4043 607 4108 facultatis
629 4053 731 4108 autem
747 4046 902 4128 etiupeaii
921 4046 1015 4109 multo
1037 4045 1143 4108 miuus.
1186 4045 1334 4122 Accedit,
1354 4046 1434 4128 quod
1456 4043 1486 4108 in
1501 4043 1609 4108 ίὶιᾱιιιι

351 4145 432 4208 locos
453 4145 609 4208 nonnullos
622 4145 804 4210 olleudimns
818 4147 978 4227 ejusmodi,
998 4155 1049 4218 ut,
1070 4147 1319 4228 quemadmodum
1334 4147 1462 4210 aliorum
1477 4163 1610 4228 quorun-

351 4249 422 4311 dam
444 4245 474 4310 iu
497 4246 646 4328 prioribus
667 4247 797 4311 locorum
816 4249 987 4313 consimiles
1008 4247 1195 4323 exstiterint,
1217 4247 1275 4312 nisi
1298 4249 1338 4310 ad
1359 4247 1609 4328 earumipsarum

352 4348 506 4429 exemplar
532 4349 648 4412 effictos
676 4357 767 4432 atque
798 4369 955 4432 expressos
976 4369 1043 4412 esse
1074 4349 1231 4423 statueris,
1264 4349 1450 4432 probabilem
1483 4346 1608 4411 reddam

351 4448 499 4512 rationem
522 4467 580 4512 non
602 4449 708 4532 possis.
751 4451 883 4515 Tantam
905 4452 943 4514 de
964 4449 1111 4514 universis
1131 4458 1198 4514 erat
1212 4451 1389 4514 dicendum:
1411 4467 1490 4513 nunc
1503 4446 1608 4511 videa·

350 4569 417 4613 mua
438 4551 475 4614 de
496 4551 629 4630 singulis.

433 4651 690 4732 Agamemnonem
722 4651 862 4716 Graecam
884 4671 974 4716 unam
996 4653 1207 4718 tantummodo
1228 4652 1373 4717 habemus
1393 4649 1533 4736 AEscbyli
1553 4669 1607 4714 ns-

352 4771 410 4839 que
432 4759 487 4816 aut
507 4753 666 4838 Sophoclis
686 4753 779 4820 ullam
801 4762 856 4818 aut
876 4753 1030 4840 Euripidis
1051 4755 1164 4819 scimus
1185 4753 1289 4818 luisse.
1332 4752 1402 4826 Quo
1428 4751 1524 4838 magis
1549 4750 1607 4818 nri-
