3554 5406
823 489 854 548 0.
877 491 909 550 ll.
932 490 1104 550 smmum.

473 659 546 718 Med.
568 661 713 718 Perfruere
734 662 812 719 lento
832 661 944 729 scelere,
966 679 1002 718 ne
1023 679 1144 733 propere
1164 663 1253 720 dolor.

568 749 647 806 Meus
668 749 727 806 dies
748 752 803 808 est:
826 751 953 820 tempore
974 751 1091 820 eccepto
1112 749 1228 806 utimur.

1122 855 1149 893 v.
1175 837 1354 892 lose-25.

412 956 526 1020 Occiso
548 955 675 1020 taudem
696 974 795 1039 puero
818 965 851 1020 et
871 965 1004 1040 utroque
1026 975 1158 1039 corpore
1180 964 1253 1020 onte
1275 957 1372 1040 pedes
1395 955 1496 1038 petris
1511 975 1587 1039 pro-

325 1057 410 1140 jecto
443 1077 568 1122 currum
599 1056 688 1121 illum
720 1058 920 1140 serpentibus
951 1058 1092 1140 junctum
1114 1059 1265 1124 escendit
1307 1057 1410 1131 Quen
1432 1077 1490 1142 per
1511 1077 1587 1124 esre

328 1159 501 1240 fugientem
532 1158 641 1222 liberis
675 1158 804 1222 orbatus
836 1160 932 1223 Iason
967 1158 1140 1241 respiciens
1163 1159 1290 1242 diguam
1312 1160 1439 1236 Menos,
1461 1159 1586 1242 dignere

327 1260 388 1324 hec
407 1259 573 1343 tragoedis
593 1278 703 1324 vocem
726 1258 857 1324 emittit:

570 1394 624 1450 rer
646 1357 707 1451 sul
728 1395 800 1452 vane
821 1395 915 1465 spatie
935 1395 1048 1452 sublimi
1070 1393 1190 1450 ethere.

568 1481 683 1539 Temere
704 1481 795 1538 nullos
817 1499 874 1538 esse
896 1499 953 1553 qun
975 1482 1083 1539 veheris
1104 1481 1177 1537 deos.

1117 1587 1145 1626 v.
1171 1567 1351 1626 1034-35.

411 1685 475 1751 Sed
508 1687 590 1752 sutis
619 1689 687 1771 jem
721 1688 775 1755 diu
806 1689 840 1753 in
867 1689 927 1754 hec
950 1688 1056 1754 febuls
1078 1689 1195 1753 moreti
1217 1705 1338 1765 sumus;
1360 1707 1380 1752 s
1401 1709 1464 1774 qus
1485 1689 1589 1772 prius-

328 1805 423 1868 quam
444 1787 652 1866 discedemus,
673 1791 753 1854 illud
773 1811 867 1855 unum
889 1792 1047 1872 adjectum
1068 1790 1175 1866 velim,
1197 1799 1234 1855 ut
1255 1789 1425 1873 Euripidis
1446 1789 1503 1854 ills
1517 1791 1584 1853 Me-

328 1887 389 1950 dee
420 1889 462 1952 ab
495 1909 543 1966 ee,
570 1909 638 1972 quse
660 1894 744 1975 opud
767 1892 918 1956 Ovidium
941 1900 998 1967 est,
1019 1891 1200 1974 longissime
1223 1891 1330 1966 distet,
1352 1891 1399 1955 its
1421 1891 1506 1956 benc
1526 1893 1585 1956 Se-

328 2007 412 2051 neoae
443 1999 559 2071 preter
590 1991 818 2057 immanitatem
852 1993 1074 2076 feritatemque
1107 1993 1247 2074 ejusdem
1282 2012 1368 2074 paene
1404 2011 1583 2074 germanum

327 2089 441 2154 videri.
485 2091 606 2156 Eodem
641 2094 725 2158 enim
748 2095 779 2158 in
802 2103 937 2177 utruque
960 2094 1078 2159 umoris
1101 2093 1228 2176 odiique
1251 2093 1454 2171 vicissitud03
1477 2094 1584 2157 eedem

326 2191 558 2272 preteritorum
592 2196 744 2260 scelernm
776 2196 1045 2270 commemoratio,
1075 2213 1143 2278 quse
1166 2203 1198 2258 et
1219 2196 1286 2259 hee
1307 2203 1340 2260 et
1360 2194 1418 2258 ills
1439 2193 1585 2278 presenti

328 2292 511 2358 oelumitste
544 2295 699 2361 divinitus
725 2296 884 2360 vindicari
906 2303 1015 2380 putet;
1044 2295 1085 2359 sd
1107 2313 1217 2377 preces
1239 2315 1361 2380 quoque
1382 2295 1532 2360 similiter
1550 2313 1585 2360 se

327 2401 461 2476 utreque
494 2396 661 2461 submittit.
704 2399 783 2463 Tum
817 2399 900 2481 qnod
932 2397 1053 2462 Senem
1084 2397 1177 2479 fingit
1204 2397 1399 2482 hymeneum
1421 2397 1531 2462 Issoni
1554 2406 1586 2461 et

328 2492 455 2558 Grensae
478 2503 639 2562 centetum
661 2500 701 2562 od
724 2519 817 2566 eures
839 2500 960 2564 Medeae
983 2497 1125 2563 occidere
1141 2517 1240 2582 eoque
1256 2499 1352 2562 etiem
1367 2499 1585 2564 vehementius

328 2593 467 2661 dolorem
490 2599 559 2681 ejus
581 2601 776 2678 exacerbari,
798 2600 874 2663 item
897 2620 937 2664 ex
958 2599 1075 2666 Ouidio
1098 2606 1257 2682 sumptum
1281 2599 1421 2664 videtur:

569 2733 609 2790 Ut
629 2735 722 2792 subito
743 2738 852 2792 nostres
873 2737 985 2807 Hymen
1007 2737 1138 2792 cautulus
1160 2735 1197 2790 ed
1219 2751 1299 2791 eures

569 2821 665 2888 Venit,
688 2826 717 2879 et
739 2840 854 2879 accenso
876 2823 1021 2893 lampades
1041 2822 1107 2894 igne
1129 2821 1246 2888 miserm,

569 2907 705 2979 Tibiaque
727 2909 846 2967 effundit
867 2910 983 2966 socialia
1004 2908 1130 2966 ommino
1151 2908 1239 2974 vobis,

569 2996 608 3052 Ae
629 2996 700 3052 mihi
722 2997 836 3054 funerea
857 2998 996 3054 flebiliore
1015 2997 1096 3062 tube,

567 3081 713 3149 Pertimui,
735 3101 787 3142 neo
809 3085 902 3140 edhuo
922 3087 1036 3142 tuntum
1056 3083 1146 3140 coelus
1166 3097 1225 3138 esse
1245 3080 1392 3152 putebcm.

1121 3170 1188 3226 Her.
1210 3168 1274 3236 XII,
1299 3167 1457 3226 132-41.

475 3289 548 3346 Med.
572 3290 738 3359 Occidimue.
762 3309 843 3350 eures
864 3292 975 3364 pepulit
996 3293 1157 3363 hymeneus
1178 3305 1263 3346 mess.

569 3377 624 3434 Vix
645 3379 707 3450 ipse
727 3382 841 3438 tentum
863 3381 911 3438 vix
932 3380 1024 3436 adhuc
1046 3376 1333 3523 οινθᾶονιιινὶἱιιιιέἲ-17

327 3613 462 3682 Accedit
491 3616 684 3701 singulorum
719 3639 840 3704 quoque
868 3639 1012 3684 sensuum
1035 3617 1226 3695 similitud03
1248 3633 1377 3701 quorum
1400 3634 1492 3680 unum
1513 3622 1588 3680 ten-

328 3719 487 3806 tnmmodo
508 3722 684 3804 proferam:

569 3822 609 3878 Ut
631 3822 746 3895 culpent
768 3821 827 3888 olii,
850 3823 904 3880 tibi
926 3837 971 3878 me
992 3820 1108 3878 laudere
1129 3835 1239 3878 necesse
1261 3822 1313 3886 est,

571 3907 626 3964 Pro
649 3929 703 3982 quo
726 3927 786 3966 sum
808 3910 912 3968 totiens
934 3925 991 3966 esse
1014 3911 1113 3966 coacte
1129 3923 1249 4052 ¹2⁰⁰&
1299 3993 1316 4048 2

1127 4013 1166 4051 s.
1257 4023 1291 4034 -·
1320 4033 1328 4050 .

924 4117 1025 4174 Omnes
1046 4116 1193 4189 oonjugem
1213 4113 1348 4170 infamem
1369 4115 1504 4185 urguent:

569 4199 648 4259 Solus
669 4205 757 4273 tuere,
780 4206 854 4261 solus
874 4207 1014 4261 insontem
1035 4219 1115 4260 voce.

570 4289 633 4347 'libi
654 4291 787 4349 innocens
809 4294 846 4349 sit
868 4291 993 4364 quisquis
1015 4294 1057 4348 est
1078 4307 1131 4362 pro
1151 4291 1181 4346 ee
1195 4303 1313 4430 gpcerzs.

1120 4396 1147 4433 v.
1173 4378 1189 4432 5
1241 4405 1273 4416 -
1303 4414 1310 4430 .

330 4516 482 4583 Proxime
502 4517 600 4600 igitur
621 4515 729 4580 fabule
751 4525 800 4580 est
820 4514 976 4580 Hercules
998 4516 1135 4581 Furens:
1158 4512 1208 4576 cui
1230 4531 1298 4596 quae
1315 4508 1488 4592 Euripidis
1502 4508 1589 4591 ejus-

329 4619 401 4686 dem
423 4619 559 4685 nominis
581 4617 761 4700 respondet,
786 4618 820 4682 in
842 4618 926 4682 huuc
949 4616 1076 4682 modum
1098 4613 1276 4698 composite
1296 4620 1355 4676 est
