3554 5406
565 526 606 584 De
628 525 659 584 t.
682 523 781 584 Amasi
802 524 912 584 meos
933 525 1105 600 lhsgoadiis.
1421 523 1458 582 61

204 695 312 762 darem
336 703 435 782 eaput
456 697 675 763 obvolventem
699 705 771 764 orat
792 707 825 764 st
848 699 1003 776 obsecrat,
1018 707 1055 764 ut
1068 697 1181 762 amicis
1194 703 1356 780 aspectum
1372 712 1462 762 soum

203 797 369 880 impertiat
390 811 469 864 neve
492 800 636 864 dextram
660 800 781 864 dextre
809 801 994 883 conjungere
1017 807 1158 875 recuset;
1179 807 1335 882 negatque
1357 817 1391 862 se
1413 797 1464 881 pi·

203 900 285 964 sculi
317 900 534 984 contagionem
566 900 784 977 reformidare,
816 921 911 985 qoam
934 903 975 966 ab
998 903 1101 966 amico
1123 902 1164 964 ad
1187 899 1322 964 amioum
1345 899 1463 964 nullam
1487 981 1488 986 ἵ

203 1001 371 1082 pervenire
404 1004 588 1080 confirmem
622 1009 688 1068 tum
721 1003 864 1066 omnibus
894 1001 996 1067 modis
1018 1001 1154 1067 auianum
1179 1003 1248 1084 ejus
1270 1020 1291 1064 a
1312 1000 1462 1083 praesenti

203 1102 387 1166 calamitate
407 1103 548 1167 traducit
569 1111 601 1168 et
623 1103 779 1168 transfert
799 1105 839 1167 ad
861 1103 1031 1186 pristinam
1049 1103 1197 1186 gloriam3
1224 1101 1463 1184 objurgationes

203 1202 300 1266 etiam
332 1203 473 1279 adhibet,
507 1223 600 1287 quum
633 1203 726 1268 nimis
760 1203 861 1269 dolori
883 1205 1133 1268 succumbentem
1158 1212 1190 1267 et
1212 1204 1304 1286 plane
1327 1205 1462 1266 fractura

203 1304 422 1387 abjectumque
443 1305 543 1368 videt.
574 1307 627 1370 lta
647 1305 801 1369 Hercules
821 1306 989 1388 paullatim
1011 1307 1051 1370 ad
1073 1305 1240 1388 pristinam
1267 1303 1367 1368 animi
1395 1323 1464 1366 ma-

204 1404 400 1486 gnitudinem
424 1415 557 1482 erectus,
579 1417 748 1489 postquam
771 1406 850 1470 illud
873 1425 992 1490 quoqne
1015 1405 1231 1471 consideravit
1252 1405 1386 1486 ignaviae
1401 1401 1463 1468 sibi

204 1506 350 1570 homines
372 1525 441 1570 asse
464 1526 620 1585 versuros,
641 1507 681 1584 si,
703 1515 813 1573 contra
835 1508 960 1572 labores
982 1505 1129 1583 invictus,
1142 1507 1243 1571 dolori
1256 1507 1463 1588 frangendum

204 1625 239 1670 oe
272 1609 425 1683 traderet,
447 1607 601 1672 moriendi
624 1609 755 1673 oonsilio
778 1609 913 1692 abjecto,
936 1609 1027 1674 cadis
1051 1607 1217 1692 expiandae
1239 1627 1336 1674 cansa
1358 1607 1464 1673 Athe-

204 1725 262 1772 nas
282 1729 353 1774 euru
375 1708 499 1774 Theseo
521 1709 739 1791 proficiscitur.

288 1809 372 1875 Sunt
392 1811 445 1893 qui
467 1811 500 1874 iu
522 1811 582 1875 hoc
604 1820 787 1893 argomento
809 1811 995 1894 Euripidem
1017 1811 1065 1875 ita
1088 1809 1332 1893 reprehendant,
1355 1813 1464 1876 utJu-

203 1910 295 1984 nouis
316 1911 496 1986 interventu
519 1913 551 1976 iu
575 1913 654 1976 duas
677 1921 784 1996 partes
807 1913 964 1977 divulsam
988 1920 1020 1976 et
1042 1911 1211 1976 discretam
1234 1931 1304 1976 esse
1326 1911 1464 1975 fabulam

204 2011 495 2096 maestitiamque
517 2013 670 2080 Senecam
694 2013 883 2089 collaudent,
905 2015 988 2097 quod
1007 2013 1145 2078 Juuouis
1157 2013 1289 2096 prologo
1301 2013 1465 2095 praemisso

203 2133 298 2178 onum
332 2120 364 2177 et
396 2121 581 2197 perpetuom
614 2115 757 2179 ordinem
792 2135 896 2178 rerum
929 2115 1078 2180 effecerit.
1120 2115 1156 2179 Iu
1179 2134 1239 2196 quc
1261 2115 1466 2179 vehementer

205 2214 301 2278 miror
333 2223 389 2278 aut
420 2215 532 2278 vitium
565 2215 598 2278 id
628 2216 706 2280 viris
730 2215 832 2280 doctis
855 2236 924 2279 esse
946 2216 1060 2291 visum,
1083 2217 1165 2299 quod
1189 2214 1304 2280 nullum
1326 2224 1386 2291 est,
1408 2223 1466 2279 ant

204 2316 388 2391 remedium,
410 2317 491 2398 quod
513 2323 580 2380 tarn
601 2316 712 2380 inutile
736 2325 818 2382 esset
832 2327 1000 2392 ottanum,
1015 2337 1107 2400 quam
1124 2325 1465 2399 estsupervacaneum.

204 2416 295 2480 Nihil
330 2417 475 2499 equidem
506 2418 539 2480 iu
562 2419 622 2481 hac
649 2419 816 2501 tragoedia
837 2418 953 2495 laxum,
979 2417 1060 2482 nihil
1087 2418 1285 2494 dissolutum,
1306 2417 1385 2482 nihil
1407 2437 1467 2500 pa-

204 2529 274 2580 rum
308 2537 378 2581 cnm
410 2525 481 2582 toto
512 2519 673 2583 cohaerens
704 2520 849 2597 iuvenio;
883 2519 970 2601 cujus
1004 2539 1109 2582 omnes
1133 2539 1149 2582 e
1172 2519 1333 2582 contrario
1356 2529 1465 2602 partes

205 2618 335 2682 mirifico
374 2620 574 2684 consentiunt
615 2628 647 2682 et
684 2622 867 2703 conspirant
905 2621 945 2685 ad
984 2619 1194 2684 mobilitatem
1233 2618 1367 2684 fortunae
1406 2621 1466 2684 hn-

205 2739 430 2803 manarumqna
452 2739 554 2784 rerum
577 2721 811 2786 vicissitudines
835 2721 1053 2786 declarandas.
1096 2722 1200 2785 Abest
1222 2721 1374 2785 Hercules
1398 2741 1466 2784 ma-

204 2841 298 2903 guum
322 2823 461 2886 laborem
484 2831 517 2886 et
538 2823 672 2886 arduum
695 2825 908 2905 perfecturus:
931 2825 1053 2887 interea
1075 2823 1124 2886 sui
1146 2823 1186 2886 ad
1209 2827 1380 2886 extremum
1398 2823 1465 2886 dis·

203 2923 319 2988 crimen
352 2931 525 2987 vocantur:
555 2923 623 3003 jam
656 2925 732 2989 inibi
766 2932 825 2998 est,
852 2925 919 3006 jam
942 2943 1031 3006 pane
1049 2924 1168 3006 jugulis
1191 2943 1298 2988 eorum
1321 2923 1464 2989 iuimicus

203 3025 331 3106 gladius
352 3027 550 3100 admovetur,
573 3045 664 3107 quum
688 3026 789 3102 adest,
812 3025 933 3108 ingenti
957 3025 1060 3107 gloria
1080 3025 1260 3107 splendens,
1283 3025 1466 3110 occiditty-

206 3144 346 3203 raunum‚
368 3145 442 3190 suos
464 3125 571 3189 salvos
593 3135 768 3209 recuperat.
812 3127 897 3199 Quid
926 3135 992 3190 tom
1016 3127 1139 3190 felicius
1162 3125 1228 3201 illo,
1250 3125 1325 3208 quid
1348 3125 1467 3207 glorin-

204 3225 295 3291 sius?
337 3227 385 3292 At
407 3245 443 3290 ec
466 3227 537 3308 ipso
559 3235 712 3310 tempore,
741 3228 780 3291 ab
802 3228 933 3292 inimico
956 3227 1082 3291 numius
1105 3229 1145 3290 ed
1168 3227 1325 3291 insaniam
1348 3229 1466 3309 pulsas,

205 3329 321 3412 quihus
343 3329 450 3412 paullo
472 3337 546 3392 ente
563 3329 855 3411 exspectatissimus
868 3329 1150 3411 optatissimusque
1166 3327 1264 3402 veuit,
1280 3347 1356 3410 quos
1372 3330 1466 3393 modo

204 3449 246 3494 ex
268 3438 368 3494 morte
389 3430 508 3492 virtute
529 3431 683 3506 servavit,
705 3449 759 3493 eos
777 3430 845 3510 jam
868 3436 992 3494 suamet
1012 3429 1081 3510 ipse
1105 3447 1197 3492 mann
1211 3430 1359 3493 trucidat
1392 3431 1467 3494 Una

205 3531 303 3613 igitur
335 3533 427 3614 huJ‘us
461 3531 638 3612 argumenti
671 3532 829 3595 sententia
861 3538 919 3606 est,
949 3550 1028 3594 unus
1058 3539 1116 3604 est,
1139 3530 1190 3612 qni
1214 3531 1334 3612 primas
1357 3541 1466 3612 partes

205 3633 283 3714 agit,
314 3653 406 3707 unus,
437 3633 481 3695 ed
512 3633 600 3713 cujus
632 3633 767 3697 salntem
792 3633 898 3697 omnia
920 3633 1109 3706 referuntur,
1132 3651 1225 3714 quam
1249 3651 1318 3695 eom
1341 3645 1466 3697 sucrum

204 3735 308 3798 salute
330 3735 428 3798 habet
450 3733 660 3814 conjunctam.
692 3736 777 3798 Nam
801 3735 884 3816 quod
907 3735 1001 3796 abest
1022 3733 1176 3796 Hercules
1199 3733 1232 3797 iu
1255 3733 1465 3816 prioreparte

205 3835 388 3916 tragoediae,
411 3834 527 3916 spiritu
549 3843 656 3897 tamen
680 3836 749 3917 ejus
772 3845 802 3897 et
825 3843 929 3898 ments
951 3834 1080 3899 incensa
1102 3841 1177 3897 suut
1199 3833 1316 3899 omnia.
1360 3836 1467 3917 Hujus

206 3937 447 4019 exspectatione
479 3943 512 3998 et
543 3937 696 4000 memoria
720 3935 964 4019 Amphitryonis
994 3935 1169 3998 sustinetur
1189 3944 1350 3998 senectus:
1373 3935 1466 4017 hujus

206 4037 427 4102 recordatione
460 4043 494 4100 et
524 4036 624 4117 gloria
645 4037 774 4119 Megara
797 4037 838 4100 ad
859 4037 1007 4100 virtutem
1030 4037 1225 4113 incenditur3
1246 4037 1342 4118 hujus
1364 4035 1466 4102 virtus

206 4147 240 4202 et
270 4147 374 4202 terror
404 4147 573 4222 tyranuum
604 4136 707 4218 ipsum
741 4138 863 4201 invidia
886 4145 918 4200 et
941 4145 1024 4201 metu
1047 4136 1218 4201 cruciatum
1242 4138 1387 4220 exagitat
1409 4158 1466 4201 ne-

206 4257 265 4322 que
297 4247 377 4304 anta
404 4237 576 4302 consistere
609 4237 696 4314 sinit,
729 4257 822 4320 quam
854 4247 923 4303 toto
952 4239 1105 4302 scelerum
1126 4239 1232 4320 spatio
1254 4257 1402 4320 percurso
1425 4239 1465 4302 ad

206 4340 347 4404 debitam
369 4354 502 4423 poenam
524 4347 685 4421 tamquam
709 4342 748 4402 sd
772 4347 886 4403 metam
914 4339 1105 4421 pervenerit.
1148 4341 1221 4403 Jam
1243 4358 1319 4404 vero
1340 4339 1466 4404 illeJu-

207 4442 300 4506 nonie
332 4443 529 4506 interventus
557 4439 633 4524 quid
654 4442 782 4504 taudem
805 4440 1029 4505 admirationis
1051 4450 1108 4503 aut
1128 4439 1383 4522 reprehensionis
1405 4440 1465 4504 ha-

206 4543 279 4607 bet?
321 4542 373 4607 Au
396 4543 435 4605 de
457 4541 594 4604 Hercule
615 4557 782 4624 pessumus
804 4543 954 4625 cogitare,
977 4550 1012 4606 ut
1034 4561 1093 4603 nou
1116 4542 1234 4612 eodem,
1248 4549 1388 4624 tempore
1410 4562 1466 4605 oo·

206 4643 342 4726 giteum
373 4645 413 4706 de
434 4643 582 4707 Juuoue?
625 4643 706 4706 Illud
729 4643 811 4706 enim
840 4643 946 4706 odium
968 4643 1081 4726 ipsum,
1103 4661 1164 4724 quo
1186 4641 1304 4706 arsisse
1325 4641 1408 4706 Juuo
1432 4643 1463 4706 iu

207 4745 376 4810 Herculem
409 4743 547 4826 lingitur,
578 4743 627 4808 ita
659 4763 713 4807 eos
746 4744 915 4826 conjunxit
936 4751 969 4808 et
1000 4742 1174 4826 copulavit,
1197 4750 1232 4806 ut
1255 4742 1320 4808 haec
1342 4743 1382 4807 ab
1406 4743 1462 4810 illo
