3554 5406
538 527 579 585 De
600 529 631 586 1..
655 530 754 588 Amisi
775 530 886 588 Senecae
906 529 1075 604 lbagcediis.

425 699 543 757 Utinam
562 701 688 770 superbe
708 701 795 758 turba
815 701 980 758 Tantalidos
1000 717 1063 758 meo

427 787 534 842 Eximet
555 791 636 844 utero
657 787 754 858 bisone
775 792 904 860 septenos
923 805 1026 860 parens

427 873 535 930 Gnatus
555 874 690 932 tulissem.
735 874 843 931 Sterilis
864 877 894 932 in
916 875 1156 1019 ponimini-4

182 1113 340 1194 Exsurgit
360 1115 514 1180 furiarum
539 1113 777 1199 umbrarumque
800 1115 971 1182 extuleris
993 1118 1104 1194 tnrba3
1125 1116 1159 1180 in
1182 1114 1296 1199 quibus
1312 1115 1443 1178 tratrem

180 1229 378 1295 agnoscam:

781 1318 864 1392 Cujus
885 1319 986 1374 umbra
1007 1317 1137 1388 dispersis
1158 1320 1236 1376 venit

425 1403 538 1462 Incerta
558 1406 709 1464 membris?
753 1406 852 1463 Frater
873 1409 924 1462 est.
969 1406 1077 1462 Poenas
1097 1405 1181 1476 petit.

427 1491 571 1562 Dabimus,
594 1495 642 1550 sed
663 1509 767 1552 omues.
811 1493 880 1566 rige
902 1493 1055 1549 luminibus
1075 1493 1159 1548 iaces.

427 1575 525 1636 Lenia.
569 1581 681 1637 Perure.
725 1579 826 1638 Pectus
846 1597 883 1636 en
904 1579 983 1635 iuriis
1005 1583 1095 1652 patet.
1122 1610 1156 1620 -

428 1664 574 1723 Discedere
597 1685 615 1723 a
637 1684 681 1723 me
703 1667 790 1723 irater
812 1667 927 1724 ultrices
949 1666 1015 1722 deas

418 1749 578 1824 'Manesque
603 1753 639 1810 ad
660 1755 730 1810 imos
751 1753 792 1810 ire
814 1771 925 1809 securas
943 1753 1025 1826 jube:

427 1839 499 1895 lliihi
519 1857 565 1896 me
585 1842 713 1911 relinque
737 1843 767 1896 et
787 1844 867 1897 utere
887 1840 942 1896 hac
964 1841 1053 1896 frater
1075 1855 1161 1896 manu

416 1927 491 1996 um
512 1927 627 1986 strinxit
648 1945 750 1984 ensem.
796 1928 921 1985 Victima
942 1943 1037 1984 manes
1057 1930 1122 1984 tuos

426 2016 575 2075 Placemus
596 2015 661 2072 ista.

980 2121 1008 2160 v.
1032 2101 1170 2158 971-9,

181 2221 235 2286 Ita
268 2241 330 2288 uuo
361 2241 402 2288 ex
435 2223 543 2306 pneris
576 2223 690 2300 occiso,
723 2222 832 2288 audito
864 2222 1000 2305 strepitu
1022 2241 1191 2300 armornm,
1213 2241 1338 2288 summa
1358 2231 1445 2290 tecto

182 2325 375 2388 conscendit.
417 2325 608 2401 Audiamus,
629 2343 722 2407 qnam
744 2324 789 2388 ibi
811 2323 946 2400 latetur,
968 2343 1061 2408 qnam
1083 2324 1235 2390 exsultet:

425 2443 490 2498 Jam
508 2443 570 2514 jam
590 2442 684 2512 recepi
705 2445 817 2513 sceptra
838 2458 1004 2514 germanum
1023 2443 1136 2512 patrem

424 2528 606 2601 Spoliumque
628 2528 725 2585 Colchi
745 2529 859 2600 pecudis
881 2531 987 2586 aurata
1007 2531 1115 2590 tenent.

425 2617 541 2674 Rediere
561 2634 659 2689 regna.
704 2617 800 2688 Rapts
821 2616 971 2690 virginitas
992 2615 1074 2674 redit.

425 2703 448 2760 0
470 2704 583 2776 placida
603 2705 719 2762 tandem
740 2703 866 2762 numina.
912 2703 935 2762 Ο
957 2703 1059 2761 festum
1080 2700 1164 2760 diem.

427 2791 450 2848 0
471 2792 638 2864 nuptialem.

975 2893 1004 2933 v.
1027 2875 1165 2934 eeu-4.

179 3030 331 3096 Alterum
353 3031 468 3096 deinde
490 3050 622 3115 puerum
643 3031 797 3096 invadens
822 3029 936 3094 iterum
958 3029 1078 3113 pietate
1101 3031 1268 3095 retineturr
1290 3029 1344 3094 ubi
1366 3049 1443 3095 uero

181 3133 448 3216 adproperantem
481 3133 628 3198 Iasonem
661 3131 844 3216 conspexit,
876 3131 987 3196 statim
1019 3132 1061 3195 ad
1094 3131 1260 3216 pristinam
1283 3131 1442 3196 feritatem

181 3233 282 3298 κάη.
778 3335 919 3406 Voluptas
940 3351 1045 3408 msgna
1066 3347 1111 3388 me
1132 3331 1254 3390 invitam
1274 3331 1351 3392 subit

423 3423 461 3480 ut
481 3439 546 3480 ecce
568 3421 676 3478 crescit.
720 3422 809 3479 Derat
829 3423 883 3478 hoc
903 3441 991 3478 unum
1012 3421 1092 3486 mihi,

424 3509 572 3581 Spectator
592 3509 655 3564 iste.
699 3508 781 3566 Nihil
802 3509 894 3564 adhuc
914 3509 985 3566 facti
1005 3525 1078 3573 reor,
1095 3540 1099 3547 -

981 3702 1009 3740 v.
1035 3679 1236 3738 ece-1002.

184 3797 241 3863 Ills
275 3800 393 3866 adferri
425 3802 526 3886 ignes,
557 3801 683 3868 incendi
716 3804 843 3869 domum
864 3804 966 3887 jubet,
989 3823 1082 3887 quum
1105 3799 1221 3866 Medea
1241 3799 1387 3865 sublimis
1409 3799 1442 3865 in

183 3905 265 3966 tecto
300 3903 433 3968 alterins
460 3903 550 3988 pueri
572 3911 725 3969 mortuum
747 3925 871 3990 corpus,
893 3905 1026 3971 alterins
1046 3901 1168 3988 pectori
1190 3901 1331 3984 gladium
1353 3920 1442 3967 suum

183 3999 372 4070 intentatum
395 4005 545 4070 ostendit.
589 4006 794 4086 Convertitur
814 4015 907 4090 pater
928 4006 970 4070 ad
992 4022 1118 4088 preces3
1139 4003 1197 4067 illa
1218 4023 1307 4069 vero:

776 4108 816 4164 Ut
836 4109 905 4164 duos
926 4108 1075 4180 perimam:
1097 4108 1195 4163 tamen

423 4191 550 4249 Nimium
571 4195 613 4250 est
635 4191 724 4250 dolori
745 4211 876 4252 numerus
897 4197 1032 4268 angustus
1052 4210 1123 4250 meo.

423 4279 456 4335 In
478 4284 569 4337 matre
590 4280 614 4335 si
635 4282 710 4352 quod
731 4281 833 4354 pignus
855 4281 1017 4338 etiamnunc
1037 4280 1120 4348 latet,

422 4366 575 4426 Scrutabor
597 4383 661 4424 ense
683 4370 790 4426 viscora
810 4371 839 4426 et
860 4369 933 4427 ferro
955 4369 1113 4510 extralhamd
1157 4453 1195 4510 21

974 4473 1002 4512 r.
1049 4457 1067 4512 0
1116 4483 1150 4494 -·
1200 4493 1208 4509 .

185 4568 250 4634 Vix
271 4571 380 4637 credas
403 4571 478 4636 addi
500 4567 620 4658 aliquid
642 4573 715 4638 huic
734 4573 925 4650 immanitati
946 4595 1054 4659 posse:
1077 4574 1208 4640 additur
1227 4581 1348 4636 tumen:

346 4673 400 4730 Iao.
422 4673 488 4730 darn
507 4691 613 4748 perage
635 4677 764 4746 coeptum
786 4675 893 4732 facinus
918 4706 952 4717 -
979 4677 1050 4733 hant
1071 4675 1149 4734 ultra
1170 4691 1268 4748 precor
1292 4701 1326 4714 ·-·

422 4761 585 4834 librumque
606 4762 707 4821 saltem
728 4762 863 4836 supplicis
883 4763 958 4821 dous
978 4765 1056 4822 meis.
1284 4844 1306 4910 8
