3554 5406
591 541 633 598 De
654 540 685 597 Ῑι.
708 541 807 597 Annei
828 539 937 596 Senam
958 537 1129 612 Tragoediis.
1476 535 1492 591 7

236 709 426 794 precipuum
451 711 616 794 quicquam
641 711 682 774 ad
710 709 942 774 conciliandum
973 710 1113 771 favorem
1136 704 1279 781 baberet,
1301 707 1348 768 sio
1370 705 1495 770 miseri-

237 833 324 876 arum
358 831 628 895 aerumnarumque
654 812 767 874 saltem
800 811 1011 892 principatum
1035 809 1088 872 nni
1112 827 1180 870 essa
1202 807 1270 869 sine
1293 807 1495 870 dubitatione

237 914 439 977 deferendum
462 914 610 977 Hecuba.
654 913 731 976 Haec
753 911 834 974 enirn
857 911 943 992 regio
967 929 1079 992 genere
1101 915 1188 982 nata,
1209 907 1422 990 potentissimi
1444 928 1497 971 re-

235 1015 283 1096 gis
314 1014 439 1096 conjnx,
472 1035 567 1096 quum
591 1021 624 1076 et
651 1013 788 1096 patriam
811 1012 995 1076 incolumem
1020 1019 1114 1092 atque
1138 1008 1281 1072 omnibns
1304 1009 1416 1092 opibus
1438 1010 1497 1073 ab·

234 1116 404 1180 undantem
449 1115 613 1178 habuisset
655 1123 687 1177 et
728 1114 898 1177 liberorum
932 1132 1022 1195 quum
1056 1110 1261 1174 multitudine
1294 1118 1361 1174 tum
1395 1111 1497 1193 gloria

236 1217 404 1292 floruisset,
436 1216 570 1298 primum
607 1215 746 1296 patriam
779 1215 967 1296 gravissima
988 1212 1064 1276 belli
1087 1218 1276 1292 tempestate
1299 1231 1497 1294 oppressam,

236 1327 301 1380 turn
325 1317 496 1381 liberorum
519 1316 672 1399 optimum
695 1335 846 1398 quemque
867 1314 977 1378 hostili
1001 1333 1094 1376 manu
1116 1313 1353 1395 interemptum,
1376 1313 1416 1376 ad
1440 1333 1496 1376 ox-

234 1427 368 1482 tremum
392 1427 605 1500 expugnatam
626 1417 735 1480 urbem
757 1424 987 1496 mactatnmqne
1010 1416 1050 1478 ad
1073 1415 1191 1476 altaria
1213 1434 1319 1478 senem
1335 1415 1497 1478 Priamum

234 1519 376 1584 viderat:
399 1519 523 1601 insigne
546 1519 730 1582 mortalibus
754 1519 981 1592 documentum,
1006 1525 1155 1600 quantam
1171 1516 1259 1578 unius
1275 1515 1412 1580 hominis
1429 1515 1497 1578 vita

233 1629 269 1684 et
302 1619 506 1684 adversarum
540 1639 642 1682 rerum
677 1629 709 1682 et
743 1619 950 1682 secundarum
975 1637 1088 1700 capere
1110 1616 1362 1680 vicissitudinem
1385 1616 1496 1698 possit.

235 1721 327 1784 Hanc
359 1721 456 1803 igitur
477 1722 685 1796 miseriarum,
707 1726 742 1784 ut
768 1721 814 1783 ita
837 1720 951 1795 dicam,
973 1719 1138 1801 majestate
1161 1725 1274 1798 praeter
1296 1725 1418 1781 ceteras
1440 1736 1497 1782 ex-

236 1821 400 1885 cellentem
432 1842 599 1905 numquam
632 1841 672 1884 ex
694 1841 788 1886 scena
817 1821 989 1896 discedere,
1012 1820 1156 1882 omnibus
1178 1838 1302 1900 semper
1324 1819 1415 1883 rebus
1438 1837 1497 1882 vo·

236 1922 295 1985 luit
326 1923 496 1988 interesse:
530 1925 611 1987 hanc
638 1921 784 2006 quicquid
808 1921 882 2003 ipsi,
905 1921 1053 2005 quicquid
1074 1919 1193 1994 liberis,
1216 1921 1364 2002 quicquid
1386 1921 1497 2003 patriae

236 2023 381 2087 miserum
414 2032 445 2088 et
479 2024 700 2087 calamitosum
734 2023 896 2097 acciderit,
928 2030 1087 2103 tamquam
1110 2039 1203 2083 unam
1229 2021 1365 2085 omnium
1388 2022 1496 2084 dolore

236 2124 415 2188 confossam
446 2125 568 2208 pariter
601 2125 705 2188 omnia
738 2125 813 2187 fletu
846 2132 878 2186 et
903 2123 1042 2186 lacrimis
1072 2132 1312 2204 prosequentem
1336 2122 1430 2199 facit;
1452 2131 1497 2197 nt,

236 2233 398 2308 tamquam
432 2227 463 2290 in
486 2227 596 2290 tabula
618 2227 706 2306 picta
728 2245 790 2289 una
813 2227 876 2288 iere
898 2245 949 2289 res
978 2224 1112 2286 maxime
1135 2222 1308 2287 illuminari
1330 2224 1421 2296 solet,
1445 2243 1498 2286 ce-

235 2335 311 2388 terae
334 2327 435 2408 magis
458 2327 610 2391 occultari
634 2333 730 2410 atque
753 2327 908 2401 recedere,
931 2327 976 2388 sie
998 2325 1030 2389 in
1046 2325 1106 2388 hac
1123 2324 1239 2387 excidii
1254 2326 1357 2406 Trojae
1373 2327 1499 2406 pictura

235 2427 367 2490 Hecuba
399 2447 461 2492 una
487 2429 623 2492 maxime
647 2428 812 2504 emineret,
834 2436 945 2491 ceterae
967 2427 1007 2490 ab
1030 2426 1086 2490 illa
1101 2433 1263 2507 tamquam
1279 2427 1428 2508 gradibus
1447 2426 1498 2490 di-

238 2535 372 2592 starent.

323 2629 381 2693 uui
404 2627 538 2711 primum
560 2629 672 2693 vulnus
695 2629 859 2712 infligitur,
878 2648 974 2712 quum
998 2628 1163 2712 Polyxena
1184 2625 1497 2694 inAchillistumulo

238 2737 407 2793 mactatur.
443 2730 537 2801 Quod
560 2731 675 2794 malum
698 2740 867 2815 postquam
891 2733 1020 2794 obscure
1044 2730 1182 2812 jactavit
1193 2729 1393 2814 Talthybius,
1404 2731 1451 2794 ita
1463 2738 1499 2794 ut

238 2849 258 2892 a
287 2832 519 2913 spectatoribus
553 2831 757 2914 intelligatur,
786 2853 846 2896 non
869 2831 1066 2912 intelligatur
1087 2830 1128 2893 ab
1150 2831 1292 2906 Hecuba,
1316 2831 1498 2896 Cassandra

237 2931 270 2994 in
293 2931 427 2996 medium
451 2941 581 3014 repente
603 2941 766 3018 provecta,
788 2953 853 3015 prae
876 2933 984 2997 dolore
1006 2933 1063 2996 vix
1086 2931 1200 2996 mentis
1219 2951 1344 3014 compos
1361 2933 1496 3017 primum

238 3033 366 3115 nuptias
398 3035 657 3116 Agamemnonis,
690 3035 739 3098 cui
772 3035 878 3117 pellex
911 3043 961 3097 est
985 3035 1157 3109 destinata,
1179 3033 1244 3096 suis
1266 3033 1338 3115 ipsa
1360 3034 1497 3098 miseriis

238 3135 351 3197 acerbe
392 3135 527 3198 illudens
569 3136 717 3199 invocato
758 3136 929 3220 Hymenaeo
963 3135 1154 3216 J'actatisqne
1187 3133 1308 3197 facibus
1341 3136 1497 3199 celebrat:

237 3253 312 3297 mcx
332 3254 353 3298 a
374 3234 459 3299 luctu
481 3237 521 3299 ed
543 3238 654 3300 futurae
676 3236 805 3300 ultionis
828 3236 976 3318 gaudium
998 3255 1102 3307 versa,
1121 3255 1188 3316 qnae
1200 3235 1390 3316 primoribus
1407 3237 1498 3302 Gree-

239 3334 284 3398 cis
317 3334 519 3400 calamitates
552 3337 767 3420 impendeant,
795 3338 835 3401 ab
858 3337 1008 3420 Apolline
1030 3336 1182 3399 instincta
1203 3336 1357 3416 praedicit.
1402 3337 1497 3418 (injus

238 3436 374 3499 furorem
408 3437 538 3519 excipit,
560 3447 596 3501 ut
631 3438 733 3520 magis
764 3439 878 3502 sedata
909 3448 1003 3520 atque
1035 3437 1217 3518 tranquilla,
1242 3437 1289 3500 ita
1311 3458 1372 3501 non
1395 3438 1498 3503 minus

238 3536 343 3600 tristis
376 3537 611 3616 Andromache,
645 3559 664 3602 e
697 3560 758 3622 qua
780 3541 910 3604 Hecuba
933 3541 1061 3602 docetur
1091 3538 1290 3622 Polyxenam
1314 3547 1499 3617 mactatam,

238 3636 495 3703 Andromacham
518 3641 620 3722 ipsam
642 3642 766 3725 Pyrrho
789 3640 822 3704 in
845 3639 1080 3704 matrimonium
1104 3640 1220 3702 datam.
1253 3641 1330 3703 Haec
1341 3661 1435 3723 quum
1447 3661 1499 3705 sc-

238 3757 307 3802 cum
331 3739 402 3822 ipsa
425 3741 759 3823 deliberat,quodnam
783 3741 909 3822 reliquae
932 3741 1006 3803 vitae
1028 3740 1193 3804 consilium
1215 3749 1373 3823 sequatur,
1395 3751 1497 3806 utrum

237 3839 386 3904 Hectoris
408 3841 566 3905 memoriae
589 3850 621 3905 et
642 3842 855 3906 recordationi
882 3843 1049 3916 adhaereat,
1062 3862 1102 3904 an
1125 3840 1183 3904 filii
1202 3841 1412 3926 Astyanactis
1425 3864 1500 3907 cau·

238 3959 275 4003 sa
305 3941 380 4005 novi
414 3943 521 4006 mariti
554 3943 691 4007 animum
722 3943 908 4019 demulceat,
941 3943 1075 4026 primum
1107 3945 1314 4007 admonentur
1336 3945 1499 4009 auditores

238 4049 360 4106 restare
381 4043 486 4106 adhuc
506 4044 611 4125 Trojae
633 4045 717 4126 quod
739 4053 845 4128 speret
866 4051 899 4108 et
920 4044 1000 4126 qnod
1024 4045 1163 4112 amittat.
1207 4043 1326 4108 Statim
1345 4045 1426 4108 enim
1448 4047 1500 4109 hic

238 4142 307 4225 ipse
341 4143 512 4228 Astyanax
539 4147 581 4208 ad
610 4153 742 4209 mortem
766 4166 786 4208 a
808 4146 979 4230 Talthybio
1002 4146 1186 4209 abducitur:
1209 4144 1366 4227 placuisse
1388 4166 1500 4229 proce-

240 4242 326 4307 ribus
360 4245 550 4322 Graecorum,
576 4267 615 4310 ne
641 4246 715 4329 quid
737 4247 809 4311 inde
831 4247 965 4330 periculi
989 4247 1116 4312 Graeciae
1139 4254 1331 4323 nasceretur,
1353 4247 1499 4331 praecipi-

240 4351 303 4408 tem
339 4365 409 4410 enm
443 4348 481 4410 de
507 4347 642 4430 praealta
663 4348 745 4411 turri
768 4349 847 4412 dari.
890 4349 964 4413 Jam
987 4349 1068 4411 nibil
1089 4349 1173 4411 ultra
1194 4347 1341 4423 fortuna,
1363 4349 1417 4412 ubi
1440 4369 1499 4432 po-

240 4445 372 4510 tentiam
395 4467 484 4510 suam
510 4455 668 4524 exerceat,
691 4449 833 4514 relictum
857 4449 1148 4531 conclamatumque
1169 4449 1293 4531 pariter
1315 4458 1498 4532 etpraesens

241 4553 274 4610 et
294 4549 433 4612 futurum
454 4549 547 4613 Ilium
571 4559 629 4613 est.
666 4549 751 4620 Quid
773 4551 895 4615 multa?
927 4551 1096 4614 abducitur
1116 4549 1181 4626 ille,
1203 4550 1366 4613 defletusa
1381 4557 1498 4613 matre:

241 4667 307 4730 qnae
329 4649 478 4712 continno
500 4650 572 4733 ipsa
594 4651 634 4714 ad
661 4650 790 4716 exilium
812 4651 969 4734 exilioque
992 4649 1119 4733 gravius
1131 4651 1320 4714 connubium
1331 4651 1498 4732 abripitur.

241 4749 314 4818 Una
347 4749 479 4818 Hecuba
510 4750 707 4836 relinquitur,
728 4752 815 4835 cujus
842 4753 963 4818 scilicet
984 4751 1058 4817 huie
1078 4769 1201 4837 qnoque
1222 4751 1324 4817 funeri
1346 4771 1428 4818 cnrae
1449 4753 1500 4818 la·
