3554 5406
543 529 584 586 De
606 528 637 586 b.
660 529 759 586 Annmi
780 527 890 585 Senecae
911 529 1082 602 Tragoediis.
1429 529 1468 584 bb

294 701 372 764 Halo
393 699 465 764 ideo
488 705 580 763 erant
600 700 816 783 proponenda,
840 719 901 763 uon
923 705 987 764 tam
1010 707 1046 763 ut
1067 695 1231 782 Euripidis
1253 705 1352 764 artem
1375 706 1407 762 et
1420 701 1472 764 in·

209 799 335 883 genium
353 801 560 883 probaremus
583 819 744 883 -neque
767 801 850 864 enim
872 801 905 864 id
928 819 1009 864 nnnc
1032 801 1138 882 agitur
1158 837 1198 848 --
1221 819 1313 882 quam
1338 801 1470 884 utquid

209 901 249 966 de
281 901 409 967 Seneca
441 903 502 965 hac
530 902 637 965 fabula
655 902 863 983 judicandum
887 911 980 977 essct,
1004 902 1215 983 explicaretur
1237 900 1361 965 facilius
1383 909 1416 965 et
1437 909 1473 966 ut

207 1004 292 1066 falsa
319 1003 376 1067 illa
408 1002 515 1086 opinio
543 1003 717 1077 tolleretur,
738 1012 895 1086 tamquam
918 1003 970 1067 bic
992 1003 1025 1066 in
1047 1004 1164 1066 fabulis
1187 1002 1391 1084 disponendis
1415 1012 1471 1068 aut

208 1105 279 1187 plna
311 1101 470 1168 interdum
504 1123 599 1187 quam
628 1101 731 1168 Graeci
761 1105 898 1168 vidisset
919 1112 974 1168 aut
996 1103 1120 1166 omnino
1144 1105 1181 1166 de
1205 1123 1243 1166 ea
1265 1123 1298 1167 rc
1322 1103 1472 1168 laboran-

206 1206 282 1269 dum
316 1205 378 1269 sibi
411 1205 577 1288 quicquam
609 1212 764 1286 putasset.
807 1206 891 1268 Nam
923 1225 1025 1289 neque
1055 1205 1088 1268 in
1110 1205 1224 1268 ceteris
1247 1205 1364 1268 fabulis
1388 1205 1472 1288 ejus·

207 1306 292 1372 modi
315 1313 374 1383 est,
397 1315 434 1370 ut
453 1307 520 1369 tale
542 1305 661 1389 aliquid
685 1305 724 1370 do
745 1325 783 1370 co
805 1306 850 1369 sit
871 1306 1106 1389 suspicandum,
1129 1325 1231 1388 neque
1253 1305 1400 1388 inhujus
1424 1307 1472 1370 la-

207 1407 289 1473 bula
311 1407 442 1491 prologo
472 1425 540 1470 esse
562 1407 613 1484 iis,
636 1427 703 1490 quae
726 1407 812 1470 dicta
834 1415 919 1482 suut,
941 1407 1021 1471 satis
1044 1407 1184 1472 arbitror
1206 1407 1470 1472 demonstratum.

208 1507 273 1582 Qui
306 1509 433 1592 quidem
466 1508 625 1591 prologus,
658 1517 693 1573 nt
714 1509 755 1572 ad
785 1508 1031 1591 perpetuitatem
1054 1528 1158 1572 rerum
1181 1507 1276 1572 etad
1298 1509 1470 1592 tragoedia

208 1609 365 1674 rationem
398 1609 580 1673 universam
613 1609 694 1672 nihil
726 1609 878 1673 utilitatis
907 1611 1022 1685 adfert,
1044 1609 1091 1674 sic
1111 1601 1259 1693 ipseper
1280 1629 1314 1672 se
1336 1630 1399 1674 nnn
1422 1611 1472 1674 ui·

208 1710 305 1776 mium
327 1731 433 1794 nequo
447 1710 656 1792 jucunditatis
678 1711 779 1774 habet
800 1731 901 1794 neque
924 1710 1125 1794 granditatis.
1158 1713 1195 1776 Iu
1219 1729 1278 1794 quo
1301 1711 1384 1775 Jrruc
1402 1712 1472 1795 pri-

208 1831 291 1877 murn
324 1811 454 1894 pellices
487 1819 553 1874 tam
586 1811 702 1876 multas
735 1813 768 1876 in
802 1813 920 1876 coelum
945 1819 1090 1894 receptas
1112 1812 1323 1897 conqueritur,
1344 1822 1379 1876 ut
1400 1814 1472 1896 ipsa

206 1914 281 1977 inde
315 1913 449 1995 depulsa
476 1913 658 1978 necessario
680 1914 721 1976 ad
743 1913 887 1977 tellurem
910 1914 1125 1978 descenderit:
1149 1922 1216 1978 tum
1238 1913 1384 1978 Herculis
1407 1916 1472 1978 vir·

207 2021 306 2078 tutem
329 2015 455 2079 extollit
477 2022 510 2078 et
531 2023 673 2078 monstra
701 2014 741 2078 ab
764 2014 820 2078 illo
843 2014 970 2078 devicta
992 2024 1217 2080 commemorat
1238 2013 1392 2098 timetque
1415 2036 1472 2078 rc-

208 2115 381 2192 hernenter,
404 2137 443 2180 ue
465 2113 498 2178 vi
521 2115 634 2179 mundo
657 2115 809 2180 convulso
832 2117 863 2178 in
887 2116 1015 2180 deorum
1037 2117 1129 2182 sedes
1151 2118 1324 2198 irrumpat3
1352 2118 1392 2180 ad
1416 2138 1472 2181 ex·

129 2241 132 2252 ¹
207 2225 340 2282 tremum
374 2216 413 2280 de
442 2216 604 2280 solvendis
634 2214 827 2298 Gigantibus
851 2227 883 2280 et
905 2217 942 2281 de
965 2217 1128 2282 lunaribus
1151 2217 1338 2302 quibusdam
1361 2219 1472 2283 bestiis

207 2317 422 2401 concipiendis
445 2319 560 2394 locuta,
583 2335 648 2382 rcrn
670 2319 773 2402 ipsam
795 2318 981 2400 aggreditur
1001 2319 1062 2383 sic:

805 2452 909 2520 Quaeris
929 2453 1036 2510 Alcida
1057 2455 1174 2525 parent

450 2539 540 2596 Nemo
562 2541 604 2595 ost
625 2539 679 2595 nisi
700 2539 769 2610 ipse.
813 2539 894 2594 Balla
912 2539 974 2610 jam
996 2557 1089 2596 secum
1111 2546 1202 2616 gerat.

450 2626 552 2683 Adeint
574 2626 611 2682 ab
632 2625 688 2682 imo
710 2627 824 2683 Tartari
845 2626 931 2682 fundo
953 2627 1051 2684 excita

449 2712 624 2770 Eumenides.
669 2714 767 2786 Ignem
789 2715 924 2770 flammam
945 2718 1083 2787 spargant
1105 2732 1199 2772 comm.

429 2801 572 2874 -Viporoa
593 2819 672 2858 aava
693 2801 810 2860 verbera
830 2800 972 2858 incutiant
992 2819 1101 2858 manno.

1002 2909 1030 2947 v.
1057 2889 1172 2946 84—8.

206 3012 260 3076 Ita
291 3007 392 3074 lorias
424 3007 570 3091 instigat,
594 3027 688 3092 quum
712 3009 817 3074 subito
841 3027 957 3074 novom
979 3009 1131 3094 quiddam
1154 3009 1183 3075 ei
1206 3018 1239 3075 et
1259 3030 1388 3094 prorsus
1410 3011 1472 3076 rni-

207 3131 277 3178 rum
299 3109 389 3176 veuit
409 3109 442 3174 in
464 3119 600 3174 mentem
609 3131 619 3174 r
669 3143 671 3150 v

450 3227 490 3284 Ut
511 3228 599 3298 possit
621 3227 715 3284 animo
737 3231 837 3300 captus
858 3229 969 3286 Alcides
992 3229 1040 3301 agi

452 3315 558 3386 Magno
580 3315 673 3371 furore
694 3315 827 3386 percitus,
849 3316 930 3372 nobis
952 3316 1029 3386 prius

451 3400 648 3458 Insaniendum
670 3405 722 3460 est.
765 3403 839 3458 Juno
861 3421 910 3459 cur
931 3397 1182 3544 nondumlgu'qia?9

1004 3508 1031 3546 r.
1125 3521 1158 3532 -
1187 3527 1193 3544 .

206 3635 275 3710 Gur
292 3649 398 3707 autom
418 3641 559 3706 insanire
580 3643 698 3710 habeat
726 3664 864 3719 necesse,
886 3665 947 3708 uon
970 3644 1064 3710 facile
1087 3641 1295 3726 intelligitur:
1316 3642 1373 3708 illa
1395 3663 1470 3709 vero

206 3756 353 3810 extremo
374 3743 508 3808 meliora
529 3751 621 3809 sunt:

803 3845 881 3902 Vota
902 3848 1046 3902 mutentur
1067 3862 1140 3901 mea.

451 3929 558 3987 Gnatos
579 3947 705 3990 reversus
724 3931 821 3988 videat
841 3933 994 3989 incolumes
1016 3949 1115 4005 precor

450 4018 591 4090 Manuque
613 4019 694 4076 tortis
714 4020 821 4076 redeat.
865 4019 965 4078 Inveni
986 4021 1060 4076 diem

450 4104 545 4161 Invisa
566 4123 622 4176 qun
643 4125 694 4162 nos
715 4106 843 4162 Herculis
864 4107 955 4164 virtus
973 4109 1064 4180 juvet.

449 4191 495 4248 lde
517 4192 587 4250 vicit
609 4197 638 4250 et
659 4211 688 4250 sc
709 4194 816 4251 vincat.

1004 4295 1031 4334 v.
1058 4277 1214 4334 112-16.

450 4399 557 4471 Regam
579 4399 697 4456 furentis
718 4417 807 4467 arma,
830 4399 971 4472 pugnanti
993 4398 1109 4454 Herculi

449 4485 573 4542 Tandem
596 4486 705 4543 favebo.
751 4485 858 4544 Scelere
880 4486 1005 4559 perfecto
1026 4485 1094 4540 licet

448 4571 592 4631 Admittat
612 4574 677 4629 illas
698 4573 811 4646 genitor
831 4564 993 4631 incoelum
1014 4589 1123 4715 malaque.
1163 4655 1181 4710 2

1003 4677 1031 4715 v.
1100 4660 1157 4713 0-
1185 4697 1192 4711 .
