3554 5406
848 537 1130 598 ostendum

595 705 753 776 Animeqne
774 706 921 764 Phsedrem
942 710 1049 779 puriter
1071 726 1105 764 eo
1126 709 1229 766 seelere
1250 727 1351 768 extem

595 792 632 848 Et
653 795 683 848 te
706 809 755 864 per
777 795 866 850 undue
888 812 993 866 perque
1014 799 1152 852 tertsreos
1174 797 1251 852 luous

593 878 646 934 Per
668 878 758 952 Styge
779 897 829 951 per
851 899 946 938 omnes
968 885 1064 956 igneos
1086 900 1181 939 emens
1201 901 1310 954 sequor.

593 965 738 1021 Placemus
760 969 887 1024 umbros:
912 971 1014 1040 ospitis
1036 970 1150 1025 exuvies
1173 988 1242 1041 eope

595 1051 759 1123 Leoeraeque
780 1053 880 1111 frontis
903 1057 998 1128 eooipe
1021 1055 1157 1112 abscisum
1180 1075 1298 1114 onmem.

595 1139 658 1194 Non
680 1139 761 1197 licuit
783 1141 890 1198 animos
910 1144 1038 1216 jungere,
1062 1147 1092 1199 et
1115 1147 1191 1200 corte
1212 1144 1280 1202 lioet

593 1227 721 1282 iunxisse
743 1227 812 1285 ieie.

1152 1335 1179 1372 v.
1206 1317 1384 1376 1182-93.

592 1432 695 1490 Audite
717 1434 835 1490 Athenae
855 1437 942 1504 tuque
964 1436 1075 1492 funeste
1096 1439 1178 1506 poter

592 1519 673 1592 Pejor
695 1538 828 1577 novor-ou:
852 1521 924 1576 feles
944 1524 1097 1579 memoravi
1119 1528 1148 1580 et
1168 1525 1247 1580 nefus

593 1607 671 1674 Quod
691 1607 755 1678 ipse
776 1608 889 1664 demens
910 1612 1024 1680 pentore
1046 1610 1144 1667 insono
1166 1612 1313 1668 heuserem

591 1693 714 1751 Mentitu
734 1695 811 1750 finxi.
854 1696 938 1754 Vena
959 1698 1067 1767 punisti
1088 1701 1171 1767 puter

591 1781 759 1852 iuvenisque
781 1785 874 1838 suetus
896 1784 1010 1840 erimine
1031 1785 1138 1841 inoeeto
1156 1786 1242 1858 jeoet.

590 1867 710 1924 Pudious
731 1868 823 1925 insons
844 1871 936 1940 reoipe
955 1871 1016 1942 jem
1038 1889 1126 1927 mores
1147 1875 1221 1929 tuoe.

592 1953 615 2009 Ο
638 1972 711 2010 mors
734 1956 835 2011 amoris
857 1975 914 2012 una
936 1958 1065 2013 sedamen
1088 1958 1167 2024 meli,

592 2041 615 2097 0
638 2060 711 2097 mors
733 2043 845 2112 pudoris
868 2044 1020 2100 maximum
1042 2045 1100 2100 lesui
1122 2045 1205 2100 denus

592 2128 772 2200 Confugimus
794 2130 830 2184 ed
851 2133 893 2186 ie:
919 2131 1010 2201 pende
1032 2132 1159 2202 placator
1181 2130 1265 2185 siuns.

590 2217 722 2273 Muorone
743 2219 841 2286 peetus
861 2217 970 2288 inpium
989 2219 1065 2290 justo
1086 2221 1167 2288 petet

591 2305 731 2376 &nonque
752 2307 850 2360 saneto
872 2306 957 2362 solvit
978 2306 1092 2362 inieriee
1112 2305 1183 2364 viro.

1141 2413 1168 2449 v.
1195 2389 1417 2468 troo-1207.

432 2505 586 2570 Videmus
619 2509 802 2575 morientem
834 2532 957 2595 quoque
978 2512 1061 2575 huuc
1082 2512 1175 2594 longe
1198 2511 1294 2574 eliam
1317 2531 1386 2574 esse
1409 2517 1504 2592 etque
1526 2529 1608 2585 eum,

350 2625 442 2690 quem
464 2609 549 2689 apud
571 2609 755 2692 Euripidem
784 2613 931 2678 vidimus.
973 2615 1060 2686 Haeo,
1081 2622 1117 2677 ut
1137 2613 1235 2678 semel
1258 2611 1417 2696 depuduit,
1439 2630 1607 2694 numquam

349 2708 525 2791 resipiscit;
557 2729 696 2774 umorem
730 2716 771 2778 ed
799 2714 942 2779 ultimum
975 2715 1079 2798 spiret
1099 2735 1196 2797 euque
1218 2714 1324 2797 potius
1347 2718 1451 2776 mente
1475 2719 1607 2775 mortem

351 2809 517 2884 occumbit,
550 2821 586 2874 ut
617 2812 826 2900 Hippolytum
848 2817 954 2898 placet
976 2835 1105 2899 eumque
1131 2815 1249 2880 scelere
1272 2823 1305 2878 et
1325 2812 1459 2878 iuiumie
1481 2813 1606 2888 liberet,

350 2928 444 2991 quem
477 2919 513 2972 ut
544 2912 613 2977 viro
645 2915 792 2990 satisfiet,
821 2935 912 2998 quem
935 2927 967 2981 et
987 2936 1094 2980 umore
1117 2915 1248 2980 violarit
1269 2925 1302 2979 et
1323 2914 1482 2978 columnia
1504 2912 1607 2976 iuter-

349 3011 499 3075 ieotorem
531 3013 587 3076 filii
621 3017 831 3082 constituerit.
874 3017 979 3082 Video
1013 3019 1094 3082 huno
1115 3018 1254 3082 animum
1277 3017 1419 3081 Phaedrae
1442 3012 1605 3078 morientis

347 3111 441 3176 valde
463 3114 592 3194 probari
615 3136 634 3177 u
655 3117 798 3182 Kleiuio:
822 3118 975 3201 equidem,
996 3119 1125 3183 temetsi
1147 3119 1186 3182 de
1208 3126 1277 3182 toto
1299 3119 1359 3182 hoe
1380 3136 1493 3199 genere
1515 3135 1607 3180 ema-

347 3212 441 3290 torio,
473 3215 645 3298 tragoediae
678 3218 854 3286 rationibus
887 3227 1039 3302 eptumue
1072 3220 1116 3284 sit
1148 3239 1254 3296 necue,
1288 3219 1489 3282 vehementer
1513 3216 1605 3281 dubi·

347 3313 410 3378 teri
432 3323 548 3396 potest,
570 3316 602 3381 id
626 3337 714 3384 omne
738 3321 890 3396 omittam,
923 3322 1071 3387 morabor
1092 3320 1124 3384 in
1149 3341 1197 3395 eo,
1219 3321 1301 3404 quod
1319 3319 1387 3401 jam
1409 3326 1504 3382 autea
1526 3316 1605 3394 dixi,

348 3435 387 3478 ee
418 3411 533 3480 sentire
566 3438 604 3482 eo
625 3419 720 3503 loqui,
743 3441 809 3504 quae
833 3421 891 3486 hoo
919 3423 988 3486 loeo
1011 3423 1147 3488 Phaedra
1168 3421 1288 3486 sentiat
1310 3430 1342 3484 et
1362 3422 1520 3503 loquutur,
1542 3437 1604 3484 non

348 3515 416 3597 ejus
438 3537 506 3581 esse
529 3520 656 3596 amoris,
678 3542 737 3604 quo
760 3544 827 3606 quae
849 3524 893 3587 sit
914 3534 1018 3606 eapte,
1040 3523 1080 3586 ed
1104 3533 1244 3606 stuprum
1268 3530 1301 3585 et
1322 3522 1442 3586 scelere
1463 3521 1603 3596 ferarum

347 3615 429 3680 elius
452 3619 614 3702 cujusdem
635 3641 674 3686 eo
695 3625 785 3708 louge
809 3625 927 3688 diversi
949 3624 1073 3708 generis
1096 3644 1175 3700 esse,
1198 3625 1280 3706 quod
1303 3645 1322 3688 a
1344 3621 1503 3688 veteribus
1525 3641 1603 3704 poe-

346 3715 390 3780 tis
421 3738 483 3782 uon
517 3720 565 3783 ite
596 3741 679 3805 saepe
710 3734 881 3788 tractatum
904 3747 924 3788 e
945 3725 1173 3790 recentioribus
1195 3725 1330 3807 ingeniis
1352 3722 1531 3788 celebretur
1551 3722 1602 3786 vel

346 3818 495 3884 maxime.
538 3821 660 3894 Quodsi
693 3825 879 3891 divellemur
906 3827 990 3890 huno
1011 3827 1113 3890 locum
1137 3846 1157 3888 e
1179 3827 1291 3890 ceteris
1314 3826 1408 3908 hujus
1429 3823 1602 3905 tragoediae

346 3920 502 4001 pertibus,
534 3922 562 3986 si
595 3924 824 4004 obliviscemur,
847 3927 923 4010 quid
946 3935 1021 3993 ente
1043 3928 1100 3990 hoo
1121 3935 1245 4009 tempus
1268 3935 1324 3991 eut
1345 3925 1445 4007 egerit
1465 3925 1602 3988 Phoedre

346 4028 402 4084 eut
423 4022 549 4100 dixerit,
570 4033 626 4089 sut
646 4026 675 4090 si
697 4047 811 4092 novom
834 4029 973 4112 aliquem
995 4029 1085 4092 nobis
1108 4028 1277 4092 Phaedrum
1300 4036 1403 4091 mente
1426 4033 1459 4088 et
1480 4027 1601 4109 cogite-

345 4121 432 4185 tione
464 4123 627 4206 fingemus,
649 4127 681 4190 in
706 4148 769 4210 quo
789 4129 892 4211 pudor
912 4130 1027 4211 uliquis
1049 4130 1182 4193 inritet
1203 4129 1346 4204 uestitus,
1369 4147 1437 4210 quae
1460 4128 1547 4190 ieme
1569 4136 1602 4190 et

346 4222 585 4290 existimatione
608 4238 783 4306 moveatur,
806 4238 873 4293 tum
895 4230 979 4294 omui
1001 4249 1041 4294 ex
1062 4238 1153 4313 perte
1175 4230 1320 4293 absolute
1335 4230 1401 4292 haeo
1416 4234 1512 4310 atque
1527 4247 1600 4310 per-

346 4325 430 4386 fecte
457 4346 525 4390 esse
551 4327 731 4393 videantur.
774 4329 837 4404 Qui
869 4351 952 4395 nuno
983 4331 1080 4407 loeus,
1103 4341 1139 4395 ut
1160 4339 1325 4412 seperatus
1348 4349 1367 4392 e
1389 4328 1502 4393 ceteris
1524 4349 1599 4392 sene

345 4424 527 4504 laudabilis,
549 4427 597 4492 ite
619 4431 802 4513 conjunctus
824 4453 891 4496 oum
916 4433 957 4495 iis
979 4452 1120 4515 persouae
1135 4451 1244 4516 purum
1260 4430 1449 4494 conveniens
1464 4429 1599 4496 videtur.

427 4546 571 4614 Phaedrae
582 4557 685 4612 eutem
699 4560 797 4616 morte
810 4559 960 4617 enarrate
971 4551 1191 4632 enarratejum
1206 4551 1271 4613 fere
1282 4555 1353 4613 tote
1364 4549 1530 4632 tragoedis
1541 4557 1598 4616 est.

343 4645 428 4709 Nem
450 4648 489 4710 de
512 4649 627 4714 Thesei
649 4652 733 4716 luctu
754 4690 793 4700 -
817 4655 870 4736 qui
891 4654 978 4718 iocus
1001 4653 1161 4735 proximus
1183 4659 1297 4716 est-
1318 4650 1393 4734 quid
1416 4651 1534 4715 attinet
1548 4651 1598 4713 di-

343 4747 436 4811 cere?
477 4747 540 4822 Qui
562 4751 707 4836 primum,
730 4755 833 4839 quusi,
855 4775 919 4840 que
938 4755 994 4820 vie
1014 4755 1056 4820 od
1079 4762 1212 4820 mortem
1234 4751 1447 4837 pervenietur,
1469 4771 1597 4837 prorsus
